3148 5194
598 250 639 299 ιι.
670 243 895 302 numos?
1231 253 1298 322 χχχ

190 396 344 489 ῥηιδίως,
369 396 427 467 ότὲΙ
446 397 479 470 δ’
503 399 603 482 αδτός
623 401 793 494 ἐποτρύνει
815 405 1040 492 μαχέσασθαι.

188 497 262 569 ἀλλ’
284 497 344 569 δίκε
366 505 470 591 δεῦρο,
494 505 613 585 πέπον,
637 503 717 594 παρ’
741 503 795 592 ἔμ’
817 512 935 576 ἵστασο
957 510 1014 576 καὶ
1036 507 1112 577 εἶδε
1132 509 1261 598 τέρπον,

133 633 174 674 ιω
188 600 227 694 ήὲ
248 604 456 694 πανημέριος
476 609 579 687 κακός
600 605 750 693 ἔσσομαι,
774 606 817 689 ιδς
840 607 1017 697 ἀτορεόεις,

186 697 208 796 ή
229 707 304 774 τινά
326 707 383 775 καὶ
406 711 546 775 Δαναῶν
569 706 677 800 ἀλκῆς,
699 710 790 796 μάλα
812 737 875 800 περ
896 716 1063 797 μεμαῶτα,

188 807 298 897 σχήσω
322 804 518 894 ἀμυνέμεναι
542 813 620 898 περὶ
642 813 854 900 Πατρόκλοιο
875 813 1070 894 θανόντας.”

230 903 276 990 ὧς
296 911 423 978 νειπιδν
450 912 617 998 Τρώεσσιν
639 913 786 982 ἐκέκλετο
808 917 934 1005 μακρόν
956 914 1061 997 ἀέσας

182 1007 202 1035 “
214 1014 323 1099 Τρῶες
344 1014 402 1081 καὶ
423 1015 553 1082 Λάκιοι
575 1015 634 1083 καὶ
656 1015 828 1102 Δάρδανοι
853 1015 1083 1110 ἀτχιμαχηταί,

131 1137 172 1181 ιει
187 1111 298 1204 ἀνέρες
321 1112 404 1198 ἔστε,
427 1116 532 1208 φίλοι,
554 1116 729 1207 μνήσασθε
752 1121 788 1186 δέ
809 1119 969 1210 θοίριδος
990 1118 1100 1211 ἀλκῆς,

185 1213 262 1308 όφρ’
285 1213 326 1284 ἀν
347 1218 429 1285 έτιδν
451 1217 603 1307 Ἀχιλῆος
625 1219 703 1305 ἀμέρ
719 1246 792 1301 ονος
814 1219 906 1290 έντεα
929 1221 996 1289 δέω

185 1319 281 1402 καλά,
304 1321 346 1386 τά
368 1321 579 1407 Πατρόκλοιο
600 1320 677 1411 βίην
699 1321 833 1410 ἐνάριξα
855 1321 1052 1404 κατακτάς.”

228 1413 273 1502 ὥς
295 1419 360 1509 άρα
381 1421 536 1513 φωνήσας
558 1419 669 1514 ἀπέβη
693 1423 916 1512 κορυθαίολος
929 1425 1056 1515 Ἕκτωρ

186 1522 282 1614 δηίου
305 1523 341 1592 ἐκ
364 1524 546 1609 πολέμοιο,
570 1525 660 1594 θέων
683 1523 713 1592 δ’
738 1525 883 1610 ἐκίχανεν
904 1527 1054 1617 ἑταίρους

130 1654 171 1695 ιω
185 1619 254 1693 ἀκα
275 1623 371 1711 μάλ’,
395 1624 433 1694 ἀν’
455 1651 509 1694 πω
530 1629 614 1717 τῆλε,
638 1629 741 1695 ποσὶν
762 1637 955 1716 κραιπνοῖσι
977 1632 1170 1717 μετασπιόν,

185 1725 222 1794 οἳ
240 1731 340 1819 προτὶ
361 1729 467 1796 τάστυ
489 1728 589 1819 φέρον
610 1731 711 1796 κλυτά
731 1729 845 1814 τεύχεα
867 1736 1063 1823 Πηλεΐωνος.

185 1833 266 1912 στάς
288 1829 318 1899 δ’
342 1827 520 1898 ἀπάνευθε
536 1829 641 1921 μάχης
663 1833 892 1922 πολυδάκρυος
913 1833 993 1902 ἔντε’
1018 1831 1171 1924 ἀμειβεν·

184 1929 204 2024 ῆ
227 1960 282 2002 τοι
306 1929 323 2000 ὃ
345 1932 406 2019 μέν
426 1934 468 2000 τά
489 1933 532 2000 τά
556 1935 642 2000 διῦκε
665 1933 779 2021 φέρειν
800 1937 901 2023 προτὶ
923 1935 1037 2003 Ἠέλιον
1059 1935 1130 2027 ἱρήν

189 2036 299 2122 Τρωσί
322 2034 630 2126 φιλοπτολέμοισιν,
655 2031 674 2100 ὃ
697 2032 728 2101 δ’
753 2033 904 2123 ἀμβροτα
926 2035 1028 2122 τεύχε’
1052 2037 1162 2107 ἔδυνεν

128 2171 170 2214 ωε
183 2139 357 2229 Πηλεΐδεω
380 2136 541 2226 Ἀχιλῆος,
568 2135 665 2204 ἅεοι
686 2137 766 2204 θεοὶ
791 2135 993 2226 Οὐρανίωνες

182 2243 285 2330 πατρὶ
308 2239 396 2332 φίλω
419 2238 549 2326 ἔπορον.
596 2233 615 2306 δ
640 2236 671 2306 δ’
696 2236 760 2328 ἀρα
780 2243 831 2328 τῷ
853 2243 955 2308 παιδὶ
979 2237 1127 2310 όπασσεν

181 2344 298 2435 τηράς·
322 2340 395 2410 ἀλλ’
419 2339 476 2425 οὐχ
497 2339 571 2421 υῖδς
592 2341 625 2410 ἓν
647 2338 752 2409 ἔντεσι
775 2343 901 2431 πατρὸς
923 2342 1032 2434 ε’τήρα.

224 2446 282 2512 τόν
304 2441 335 2512 δ’
359 2440 405 2525 ὥς
427 2438 483 2511 οὗν
505 2439 679 2511 ἀπάνευθε
699 2441 792 2511 τίδεν
813 2445 1047 2536 νεφελητερέτα
1068 2446 1154 2527 Ζεύς

183 2547 312 2632 τεύχεσι
333 2549 506 2636 Πηλεΐδαο
527 2543 767 2634 κορυσσόμενον
788 2546 910 2628 θείοιο,

129 2685 169 2725 2⁰0
183 2649 319 2740 κινήσας
341 2655 382 2738 ῥα
404 2649 485 2738 κάρη
509 2649 611 2736 προτὶ
631 2649 690 2714 τόν
710 2647 889 2738 μυθήσατο
911 2650 1022 2734 θυμόν

179 2747 226 2820 “d
250 2748 346 2834 δείλ’,
371 2747 447 2819 οάδέ
468 2750 503 2818 τί
523 2777 578 2818 τοι
600 2750 748 2831 θάνατος
770 2751 983 2836 καταθύμιος
1003 2750 1105 2834 ἐστίν,

182 2851 221 2936 ὃς
244 2855 286 2946 δή
307 2881 362 2923 τοι
385 2856 500 2936 σχεδόν
523 2847 603 2920 εἶσι·
627 2855 666 2920 σύ
690 2850 719 2919 δ’
744 2849 897 2940 άμβροτα
918 2855 1034 2936 τεύχεα
1057 2855 1164 2934 δόνεις

181 2957 300 3047 ἀνδρός
322 2956 485 3046 ἀριστῆος,
508 2955 621 3022 τόντε
643 2953 819 3041 τρομέουσι
841 2955 898 3020 καὶ
922 2950 1027 3021 ἀλλοι.

179 3063 239 3129 τοῦ
263 3062 305 3150 δή
328 3057 457 3146 ἑταῖρον
479 3055 618 3146 ἔπεφνες
639 3055 732 3145 ἐνηέα
752 3079 788 3120 τε
811 3055 966 3142 κρατερόν
986 3079 1032 3136 τε,

126 3161 295 3245 τοετεόχεα
319 3157 349 3230 δ’
374 3155 412 3226 οὐ
434 3158 520 3224 κατά
542 3156 667 3242 κόσμον
690 3151 761 3222 ἀπὸ
783 3155 904 3242 κρατός
925 3179 961 3221 τε
982 3157 1039 3222 καὶ
1062 3152 1159 3242 ἀν’μων

182 3268 277 3334 εἵλευ.
323 3258 406 3351 ἀτάρ
428 3286 483 3329 τοι
504 3261 560 3326 νῦν
579 3283 618 3325 τε
637 3257 722 3344 μέτα
743 3255 864 3345 κράτος
884 3256 1074 3352 ἐτι-υαλίξω,

179 3371 243 3436 τῶν
265 3366 385 3454 ποινήν
407 3360 427 3432 ὅ
448 3388 504 3431 τοι
527 3357 565 3430 οὔ
585 3386 621 3428 τι
642 3359 749 3449 μάχης
774 3358 1005 3449 ἐκνοστήσαντι

181 3470 312 3551 δέξεται
332 3465 537 3556 Ἀνδρομάχη
560 3464 661 3530 κλυτά
683 3462 798 3546 τεύχεα
818 3457 1040 3552 Πηλεΐωνος.”

223 3565 255 3660 ῆ,
277 3569 335 3637 καὶ
356 3569 530 3660 κυανέῃσιν
551 3563 606 3634 ἐπ’
631 3563 751 3656 όφρόσι
773 3567 865 3632 νεῦσε
887 3561 1047 3652 Κρονίων.

126 3673 309 3758 ειοἝκτορι
332 3667 365 3737 δ’
387 3669 511 3758 ῆρμοσε
531 3665 635 3752 τεύχε’
658 3667 717 3735 ἐπὶ
739 3669 820 3757 χροΐ,
846 3669 885 3735 δῦ
908 3666 946 3734 δέ
967 3691 1026 3750 μιν
1044 3662 1146 3756 ’Ἀρης

182 3772 289 3849 δεινὸς
311 3769 469 3851 ε’νυάλιος,
492 3771 643 3858 πλῆσθεν
666 3765 698 3836 δ’
721 3764 785 3854 άρα
805 3795 860 3838 τοι
882 3767 971 3854 μέλε’
999 3768 1089 3848 έντός

181 3869 282 3962 ἀλκῆς
303 3870 362 3937 καὶ
384 3869 528 3949 σθένεος.
572 3871 656 3954 μετά
678 3870 714 3936 δέ
735 3873 884 3950 κλειτοδς
910 3869 1106 3958 ἐπικούρους

180 3977 223 4064 βῆ
247 3979 289 4062 ῥα
309 3971 395 4058 μέτα
415 3969 554 4053 ειάχων·
575 3971 767 4038 τινδάλλετο
792 3971 830 4039 δέ
851 3995 951 4061 σφισι
973 3976 1078 4040 πᾶσιν

177 4076 307 4159 τείχεσι
329 4069 540 4158 λαμπόμενος
561 4072 758 4157 μεταθόμοο
779 4073 975 4161 Πηλεΐωνος.

127 4209 167 4252 κιο
181 4176 318 4266 ὤτρυνεν
340 4175 378 4243 δὲ
401 4172 561 4241 τέκαστον
582 4172 799 4258 ἐποιχόμενος
819 4173 1002 4256 εεπέεσσιν,

183 4280 348 4369 Μέσθλην
368 4303 404 4345 τε
426 4273 575 4343 Γλαῦκόν
595 4301 631 4341 τε
653 4275 814 4343 Μέδοντά
835 4299 871 4342 τε
896 4275 1095 4365 Θερσίλοχόν
1115 4299 1152 4345 τε

181 4378 422 4476 Ἀστεροπαῖόν
441 4404 478 4448 τε
500 4375 687 4468 Δεισήνορά
709 4372 750 4446 θ>
768 4373 955 4446 Ἱππόθοόν
976 4401 1012 4448 τε
