3084 5190
287 310 307 376 g
695 309 717 356 ι.
754 303 978 357 mmm

287 461 377 532 ἐστὸν
398 459 615 551 ἐποιχομένην
635 460 693 527 καὶ
714 458 795 545 ἐμόν
816 457 910 542 λέχος
932 455 1127 527 ἀντιόωσαν.

288 561 358 631 ἀλλ’
380 561 448 646 λ’θι,
470 561 516 654 μή
537 558 575 648 μ’
598 561 736 649 ἐρέθιζε,
760 559 925 648 σαώτερος
946 559 993 641 τός
1014 586 1051 628 κε
1072 557 1194 650 νέηαι.”

330 655 375 747 ὥς
397 663 503 758 ἔφατ’,
526 661 653 732 ἔδεισεν
674 663 707 730 δ’
731 659 750 730 ὁ
772 661 875 752 τέρων
896 661 954 729 καὶ
976 660 1136 731 ἐπείθετο
1157 661 1272 752 μύθῳ,

170 855 174 864 ι
289 775 333 858 βῆ
357 764 389 834 δ’
414 763 520 834 ἀκέων
542 766 635 852 παρά
657 769 739 832 θῖνα
761 763 1026 854 πολυφλοίσβοιο
1046 763 1229 854 θαλάσσης.

250 901 275 942 ιε
289 871 399 938 πολλὰ
423 865 456 935 δ’
479 863 588 936 ἔπειτ’
612 863 783 933 ἀπάνευθε
805 865 886 931 κιιύν
907 861 1006 954 ἠρᾶθ’
1030 864 1049 932 ὁ
1071 865 1207 953 τεραιός

288 969 479 1041 Ἀπόλλωνι
501 969 652 1050 τάνακτι,
674 968 733 1036 τόν
754 963 900 1066 ήύκσμος
919 967 995 1034 τέκε
1016 966 1132 1056 Λητυί.

283 1058 415 1142 ι’κλῦθί
435 1097 510 1159 μευ,
533 1066 733 1159 ἀρτυρότοξ,
756 1064 795 1150 ὃς
819 1069 949 1158 Χρύσην
971 1066 1207 1159 ἀμφιβέβηκας

289 1175 415 1244 Κίλλαν
435 1199 472 1242 τε
496 1172 629 1262 ζαθέην,
657 1170 814 1238 Τενέδοιό
836 1196 872 1238 τε
893 1177 971 1261 τῖφι
992 1170 1183 1268 τανύσσεις,

288 1283 447 1363 Σμινθεῦ.
493 1273 527 1343 εί
546 1273 631 1342 ποτέ
650 1299 704 1342 τοι
726 1269 868 1360 χαρίεντ’
890 1271 950 1340 ἐπὶ
972 1273 1050 1364 νηόν
1072 1269 1195 1364 ἔρεψα,

253 1373 316 1468 ιοή
337 1375 367 1446 εἰ
389 1377 431 1468 δή
454 1377 537 1446 ποτέ
556 1401 612 1444 τοι
633 1376 718 1443 κατά
740 1373 843 1444 πίονα
864 1371 955 1465 μηρί’
981 1371 1063 1465 ἔκηα

288 1479 416 1565 ταύρων
436 1475 490 1569 ἡδ’
515 1475 626 1559 αἶτῶν,
647 1475 727 1546 τόδε
746 1501 806 1562 μοι
826 1477 965 1568 κρήηνον
985 1476 1145 1566 ἐεέλδωρ·

289 1579 418 1648 τίσειαν
440 1579 568 1648 Δαναοὶ
591 1578 656 1664 ἐμά
678 1579 805 1668 δάκρυα
826 1583 916 1646 σοῖσι
938 1575 1119 1664 βέλεσσιν.”

333 1673 377 1762 ὥς
400 1677 494 1772 ἔφατ’
515 1678 695 1766 εὐχόμενος,
718 1689 777 1748 τοῦ
799 1683 835 1749 δὲ
857 1680 932 1748 κλύε
954 1687 1079 1768 Φοῖβος
1097 1678 1283 1763 Ἀπόλλων,

292 1787 334 1875 βή
358 1784 396 1852 δὲ
418 1779 487 1852 κατ’
513 1779 708 1867 Ούλύμιτσιο
728 1783 874 1873 καρήνων
894 1783 1060 1870 χωόμενος
1081 1791 1157 1875 κῆρ,

246 1909 273 1950 ιε
289 1883 360 1968 τόξ’
382 1881 527 1972 ἀίμοισιν
548 1880 628 1968 ἔχων
650 1880 846 1975 ἀμφηρεφέα
867 1908 904 1953 τε
925 1883 1106 1976 φαρέτρην·

290 1983 449 2070 λ’κλατξαν
471 1985 502 2055 δ’
525 1982 577 2074 ἀρ’
601 1981 710 2054 ἀισταί
733 1984 789 2053 ἐπ’
811 1982 909 2072 α’ίμων
929 1990 1120 2075 χωομένοιο.

293 2087 376 2174 ἵξετ’
397 2085 501 2160 ἔπειτ’
524 2085 695 2158 ἀπάνευθε
716 2091 801 2170 νεῶν,
824 2090 908 2174 μετὰ
930 2087 963 2156 δ’
986 2087 1037 2158 ἐόν
1059 2088 1167 2180 έηκεν·

293 2192 384 2282 δεινή
407 2191 445 2260 δὲ
466 2193 588 2282 κλατιή
611 2188 714 2260 τέκετ’
738 2190 913 2281 ἀρτυρέοιο
933 2197 1032 2276 βιοῖο.

252 2315 279 2356 ω
294 2290 416 2382 ούρῆας
436 2293 496 2378 μέν
516 2296 646 2381 πρῶτον
668 2293 815 2382 ἐπῴχετο
837 2294 894 2360 καὶ
916 2293 1016 2374 κύνας
1037 2290 1173 2384 ἀρτούς,

294 2389 398 2481 αύτάρ
420 2389 527 2462 ἔπειτ’
551 2391 680 2462 αύτοῖσι
704 2394 802 2481 βέλος
823 2393 995 2478 ἐχεπευκὲς
1017 2391 1126 2487 ἐφιείς

294 2491 402 2580 βάλλ’·
425 2492 491 2562 αίεὶ
516 2495 554 2564 δὲ
575 2498 679 2585 πυραὶ
701 2497 820 2564 νεκύων
841 2495 973 2566 καίοντο
994 2501 1148 2582 θαμεῖαι.

336 2594 476 2686 ἐννῆμαρ
496 2595 557 2683 μὲν
579 2593 642 2666 ἀνά
663 2600 801 2688 στρατὸν
824 2595 926 2689 η’ίχετο
948 2601 1033 2690 κῆλα
1053 2603 1168 2680 θεοῖο,

292 2699 331 2788 τῇ
355 2696 477 2788 δεκάτη
501 2696 532 2766 δ’
555 2696 712 2791 ἀτορήνόε
733 2703 918 2770 καλέσσατο
938 2702 1018 2769 λαόν
1037 2699 1223 2785 Ἀχιλλεύς·

252 2819 279 2862 ει
294 2801 343 2888 τῷ
363 2799 426 2888 τάρ
448 2798 508 2869 ἐπὶ
529 2802 628 2892 φρεσὶ
650 2805 737 2893 θῆκε
758 2805 825 2872 θεά
845 2803 1040 2883 λευκώλενος
1052 2799 1156 2892 Ἥρη·

295 2900 415 2991 κήδετο
436 2901 499 2990 τάρ
522 2905 677 2986 Δαναῶν,
700 2903 753 2974 ὅτι
775 2911 818 2994 ῥα
838 2905 1043 2996 θνήσκοντας
1064 2901 1174 2994 όράτο.

293 2999 329 3070 δι’
347 3000 379 3070 δ’
401 3002 478 3072 ἐπεὶ
501 2998 557 3073 σύν
578 2999 721 3096 ἤτερθεν
742 3003 915 3098 ὁμητερέες
934 3031 972 3075 τε
991 3007 1141 3088 τένοντα,

294 3109 385 3174 τοῖσι
408 3101 442 3174 δ’
465 3102 680 3194 ἀνιστάμενος
699 3108 824 3200 μετέφη
846 3107 957 3190 πόδας
978 3103 1065 3189 ὠκύς
1085 3104 1255 3192 Ἀχιλλεύς

290 3203 481 3300 “asperam
504 3211 560 3278 νῦν
581 3207 669 3298 ἀμμε
692 3211 794 3281 πάλιν
815 3209 1049 3297 πλαιχθέττας
1071 3207 1132 3280 όίω

253 3329 279 3372 ιο
296 3303 349 3402 ἀφ
372 3305 626 3402 ἀπονοστήσειν,
649 3311 685 3382 εί
703 3339 757 3381 κεν
777 3313 927 3381 θάνατόν
947 3337 984 3380 τε
1005 3313 1180 3404 φύτοιμεν,

296 3409 327 3480 εἰ
348 3411 388 3500 δή
413 3407 495 3496 δμού
516 3412 662 3498 πόλεμός
682 3437 719 3480 τε
740 3415 831 3504 δαμᾷ
851 3415 910 3482 καὶ
930 3415 1049 3500 λοιμός
1068 3410 1232 3500 Ἀχαιούς.

296 3509 366 3580 ἀλλ’
388 3507 448 3579 άτε
470 3511 513 3602 δή
533 3537 609 3580 τινα
629 3513 748 3598 μάντιν
768 3513 915 3603 ἐρείομεν
935 3511 958 3606 ή
980 3513 1073 3606 ίερήα

202 3631 212 3650 ·
295 3606 317 3702 ή
338 3609 396 3679 καὶ
419 3607 635 3700 ὀνειροπόλον
656 3615 729 3698 (καὶ
750 3615 813 3704 κάρ
834 3613 864 3682 τ’
888 3613 966 3705 όναρ
988 3617 1025 3686 ἐκ
1047 3615 1135 3696 Διός
1156 3614 1275 3698 ἐστιν),

294 3709 452 3806 ἀ’ςεείπη
477 3711 530 3782 ὅτι
550 3713 669 3784 τόσσον
690 3716 835 3801 ἐχώσατο
857 3725 982 3808 Φοῖβος
1003 3716 1190 3800 Ἀπόλλων,

259 3837 284 3916 ιε
302 3811 323 3905 ή
344 3811 374 3880 τ’
397 3809 449 3902 ἀρ’
474 3810 546 3880 ὅτ’
568 3814 709 3908 εόχωλῆς
730 3817 958 3912 ἐπιμέμφεται
979 3817 1000 3910 ή
1021 3817 1055 3888 θ’
1075 3817 1272 3910 ἑκατόμβης,

296 3911 331 3984 εἰ’
348 3913 405 3984 κόν
419 3939 493 3996 παις
513 3919 639 4004 ναρνῶν
660 3917 772 4012 κνίσης
794 3919 897 3990 αλκ-ὦν
916 3947 953 3992 τε
973 3921 1106 3992 τελείων

294 4017 452 4102 βούλεται
474 4013 633 4100 ἀντιάσας
653 4019 733 4112 ἥμιν
755 4019 825 4092 ἀπὸ
845 4026 956 4094 λου-ὸν
977 4019 1127 4110 ἀμύναι.”

336 4113 356 4210 ή
377 4143 430 4190 τοι
453 4115 526 4190 ἀπ’
548 4111 594 4201 ὦς
614 4125 741 4192 τειπιόν
762 4125 830 4195 κατ’
854 4124 908 4215 ἀρ’
933 4126 1034 4209 ἕζετο,
1057 4129 1147 4194 τοῖσι
1170 4123 1203 4194 δ’
1226 4123 1343 4218 ἀνέστη

294 4221 428 4310 Κάλχας
450 4221 661 4316 Θεστορίδης,
685 4225 895 4296 οἰωνοπόλων
917 4225 968 4312 ὄχ’
992 4224 1141 4316 ἀριστος,

327 4447 359 4498 ⁴⁷
377 4441 464 4500 αύτοῦ
474 4448 649 4514 κινηθέντος·
664 4445 679 4504 ὃ
693 4449 722 4504 δ’
738 4451 779 4520 ἰήιε
791 4451 869 4507 νυκτί
880 4449 1020 4512 νενοικάς.
