3148 5194
591 357 632 406 ιε.
670 353 890 408 ιιιιεοεο
1225 357 1291 424 233

185 508 241 575 καί
263 507 304 575 τό
324 507 559 592 κατειβόμενον
578 507 703 588 Στυτός
722 505 824 597 ίίδωρ,
848 507 885 588 ὅς
905 533 941 576 τε
961 507 1119 594 μέτιστος

186 606 283 696 ὅρκος
306 608 496 689 δεινότατός
516 633 553 676 τε
574 608 670 678 πέλει
692 609 877 698 μακάρεσσι
898 615 1046 694 θεοῖσιν,

187 708 231 800 σή
252 707 295 779 θ’
319 707 387 802 ίερη
412 712 538 803 κεφαλη
561 711 620 778 καί
641 709 794 799 νωίτερον
815 709 907 794 λέχος
928 707 1036 780 αύτιῖν

145 810 367 900 ωκουρίδιον,
390 811 509 898 τὸμὲν
530 809 587 882 οάκ
611 809 736 882 ἀνέτω
758 837 842 882 ποτε
863 815 940 903 μάψ
962 810 1141 902 ὀμόσαιμι·

184 918 229 1005 μη
252 911 300 982 δι’
322 914 403 1006 ἐμὴν
425 911 540 1006 ἰότητα
561 913 759 984 Ποσειδάων
779 912 964 999 ἐνοσίχθων

186 1016 346 1107 πημαίνει
374 1017 490 1108 Τρῶάς
510 1043 546 1086 τε
568 1018 624 1085 καὶ
638 1014 791 1102 Ἕκτορα,
814 1023 904 1086 τοῖσι
927 1013 959 1085 δ’
982 1015 1113 1109 ἀρήν-ει,

185 1115 270 1185 ἀλλά
292 1143 359 1187 που
383 1115 482 1188 αύτδν
502 1119 614 1205 θυμός
635 1117 805 1206 ἐποτρύνει
826 1119 885 1186 καί
907 1115 1040 1203 ἀυάταν,

186 1219 391 1311 τειρομένους
414 1217 446 1287 δ’
468 1220 528 1289 έπί
550 1221 643 1311 νηυσί
664 1221 770 1290 now
790 1221 918 1312 ἐλέησεν
942 1221 1104 1307 Ἀχαιούς.

144 1353 172 1396 ιε
188 1319 290 1414 αάτάρ
313 1348 366 1392 τοι
389 1324 446 1390 καῖ
470 1321 566 1414 κείνῳ
589 1323 653 1391 ένεδ
677 1324 986 1416 παραμυθησαίμην

184 1421 320 1517 τῇίμεν
340 1417 363 1517 ἦ
384 1451 438 1494 κεν
460 1426 501 1516 δη“
524 1426 563 1494 οὐ
585 1425 776 1517 κελαινεφές
796 1423 1021 1520 ἡτεμονεύῃς.”

229 1519 274 1608 ὦς
295 1526 399 1618 φάτο,
421 1525 575 1619 μείδησεν
598 1527 636 1595 δὲ
658 1529 767 1619 πατήρ
790 1524 916 1620 ἀνδρῶν
937 1554 974 1597 τε
994 1530 1084 1598 θεῶν
1105 1555 1154 1612 τε,

186 1625 244 1697 καί
264 1655 322 1714 μιν
343 1626 563 1717 ἀμειβόμενος
583 1630 688 1700 νέπεα
708 1631 888 1722 πτερόεντα
910 1631 1091 1723 προσηύδα.

181 1727 238 1800 “el
259 1731 319 1817 μὲν
341 1732 381 1823 δή
405 1732 444 1800 σύ
465 1730 499 1798 τ’
522 1729 653 1816 ἔπειτα,
676 1735 807 1818 βοῶπις
828 1731 950 1802 πότνια
963 1731 1063 1824 Ἥρη,

145 1863 173 1908 ω
186 1839 279 1902 τῖσον
300 1831 375 1920 έμοί
397 1835 579 1925 φρονέουσα
601 1832 675 1922 μετ’
697 1833 903 1906 ἀθανάτοισι
925 1834 1097 1920 καθίζοις,

186 1937 235 2026 τῷ
256 1960 292 2003 κε
314 1937 512 2006 Ποσειδάων
531 1963 582 2020 τε,
606 1941 663 2006 καί
686 1934 716 2006 εί
736 1937 827 2025 μάλα
848 1937 1004 2023 βούλεται
1027 1935 1124 2032 άλλη,

187 2029 279 2127 αἶψα
299 2037 542 2128 μεταστρέψειε
562 2039 636 2108 νόον
655 2041 740 2125 μετά
762 2040 820 2108 σὸν
840 2040 899 2108 καί
920 2038 1000 2125 έμδν
1021 2042 1090 2130 κῆρ.

187 2135 256 2207 ἀλλ’
278 2137 308 2207 εί
330 2139 372 2230 δή
394 2137 426 2228 ῥ’
446 2140 536 2210 ἐτεόν
556 2168 595 2210 τε
615 2141 672 2210 καί
696 2139 855 2231 ἀτρεκέως
876 2137 1055 2231 ἀτορεύεις,

187 2239 279 2332 ἔρχεο
301 2244 355 2310 νῦν
375 2244 459 2327 μετά
476 2245 570 2335 ,φῦλα
589 2247 692 2327 θεῶν,
714 2245 771 2313 καί
795 2246 890 2334 δεῦρο
912 2243 1071 2313 κάλεσσον

145 2377 172 2418 τε
187 2342 282 2431 ίῖῐρίν
302 2341 332 2411 τ’
355 2343 533 2431 ἐλθέμεναι
555 2347 614 2415 καί
635 2343 830 2414 Ἀπόλλωνα
851 2343 1073 2428 κλυτότοξον.”

147 2475 174 2515 τε
230 2435 276 2526 τίς
297 2440 404 2535 ἔφατ’,
429 2442 499 2514 οὐδ’
523 2442 677 2537 ἀπίθησε
698 2449 765 2515 θεολ
787 2446 1096 2540 λευκοίλενοςἭρη,

238 2712 271 2764 56
290 2709 356 2784 ὄφρ’
378 2707 464 2784 ἣμέν
480 2711 551 2786 μετά
571 2715 640 2768 λαὸν
660 2711 777 2784 Ἀχαιῶν
790 2712 1008 2785 χαλκοχιτώνων

289 2797 371 2870 ἔλθη,
390 2801 437 2850 καὶ
456 2803 570 2872 εείπησι
589 2796 769 2855 Ποσειδάωνι
786 2797 903 2854 κάνακτι

289 2879 473 2955 παυσάμενον
491 2886 628 2956 πολέμοιο
646 2881 679 2937 τά
696 2885 733 2940 τά
752 2885 824 2957 πρὸς
842 2879 956 2955 δώμαθ’
976 2887 1101 2946 ἱκέσθαι,

284 2965 401 3041 Ἕκτορα
419 2967 446 3023 δ’
467 2965 597 3044 ὀτρύνῃσι
614 2967 710 3040 μάχην
728 2969 756 3028 ἐς
775 2973 881 3037 Φοῖβος
903 2965 1056 3030 Ἀπόλλων,

240 3057 273 3108 60
291 3050 369 3114 αὖτις
386 3051 414 3108 δ’
434 3053 607 3127 ἐμπνεύσῃσι
625 3055 723 3125 μένος,
742 3049 847 3123 λελάθῃ
866 3048 894 3103 δ’
916 3047 1043 3106 ὀδυνάων

289 3141 320 3193 αῖ
336 3143 386 3196 νῦν
402 3158 454 3212 μιν
471 3145 595 3212 τείρουσι
613 3136 681 3192 κατὰ
700 3139 816 3209 φρένας,
834 3134 922 3202 αὐτὰρ
942 3132 1069 3205 Ἀχαιούς

289 3221 366 3284 αὖτις
383 3221 603 3298 ἀποστρέψῃσιν
619 3220 755 3278 ἀνάλκιδα
773 3219 864 3294 φύζαν
880 3217 1010 3290 ἐνόρσας,

289 3307 440 3384 φεότοντες
458 3306 486 3363 δ’
506 3311 537 3363 ἐν
555 3312 635 3375 νηυσὶ
655 3304 818 3376 πολυκλήισι
838 3307 965 3360 πέσωσιν

290 3395 432 3463 Πηλεΐδεω
451 3393 583 3465 Ἀχιλῆος.
620 3389 635 3446 ὃ
655 3391 683 3446 δ’
705 3390 839 3460 ἀνστήσει
857 3389 910 3445 τὸν
926 3391 1038 3464 ἑταῖρον

239 3485 271 3535 65
291 3477 466 3552 Πάτροκλον·
503 3479 552 3535 τδν
569 3479 600 3533 δέ
620 3484 711 3533 κτενεῖ
728 3479 803 3549 ἐτχεϊ
819 3475 960 3549 φαίδιμος
971 3473 1077 3548 Ἕκτωρ

289 3570 383 3622 Ριλίου
401 3564 595 3637 προπάροιθε,
615 3567 719 3624 πολέας
736 3560 859 3619 ὀλέσαντ’
883 3561 995 3630 αλζηοάς

288 3650 353 3711 τοὺς
369 3645 479 3716 ἀλλους,
496 3650 568 3724 μετὰ
587 3650 615 3702 δ’
635 3649 696 3706 υίὸν
714 3649 784 3723 έμὸυ
800 3646 975 3722 Σαρπηδόνα
994 3648 1065 3703 δῖον.

289 3739 337 3791 τοῦ
356 3737 387 3790 δέ
401 3733 602 3808 χολωσάμενος
619 3741 710 3788 κτενεῖ
720 3729 838 3806 Ἕκτορα
856 3735 918 3794 δῖος
938 3731 1081 3805 Ἀχιλλεύς.

288 3823 319 3876 ἐκ
336 3825 385 3876 τοῦ
404 3817 433 3875 δ’
454 3817 490 3875 ἀν
508 3839 552 3873 τοι
571 3821 667 3874 ἔπειτα
686 3822 822 3881 παλίωξιν
839 3821 916 3894 παρά
935 3823 1009 3888 νηῶν

241 3911 273 3960 70
291 3907 352 3962 αέἐν
369 3905 424 3961 ἐτιύ
442 3903 570 3978 τεύχοιμι
587 3905 755 3977 διαμπερές,
774 3909 814 3965 είς
831 3901 848 3958 ὅ
866 3903 891 3958 κ’
916 3903 1023 3974 Ἀχαιοί

289 3995 384 4048 ῖίλιον
400 3993 471 4046 αῖπῖι
490 3993 579 4047 ἕλοιεν
598 3991 747 4060 Ἀθηναίης
764 3991 812 4045 διά
830 3987 938 4058 βουλάς.

288 4076 320 4131 τὸ
339 4079 407 4151 πρλν
424 4075 452 4130 δ’
473 4073 532 4130 οὔτ’
553 4074 600 4150 ἀρ’
620 4074 674 4130 ἐτι)
694 4073 774 4130 παύω
788 4073 878 4146 χόλον
896 4071 958 4132 οὔτε
977 4073 1030 4130 τιν’
1050 4073 1136 4132 ἀλλον

289 4159 441 4218 ἀθανάτων
459 4165 617 4216 Δαναοῖσιν
635 4157 776 4233 ἀμυνέμεν
794 4157 893 4214 ἐνθάδ’
913 4157 1000 4222 ἐάσω,

290 4253 359 4319 πρίν
375 4265 407 4302 τε
427 4244 456 4298 τὸ
477 4243 618 4312 Πηλεΐδαο
637 4247 831 4312 τελευτηθῆναι
851 4245 982 4318 ἐνέλδωρ,

241 4335 272 4384 ῑό
291 4327 328 4390 ὥς
344 4351 391 4386 τοι
409 4330 533 4396 ὑπέστην
552 4331 675 4399 πρῶτον,
694 4329 754 4401 ἐμῷ
772 4326 801 4382 δ’
821 4328 957 4385 ἐπένευσα
976 4327 1085 4406 κάρητι,

291 4411 375 4489 ἠ’ματι
393 4419 431 4487 τῷ
449 4411 492 4469 ὅτ’
512 4415 590 4488 ἐμεῖο
609 4413 662 4468 θεά
683 4417 762 4475 Θέτις
780 4411 872 4485 ἥψατο
890 4413 1013 4480 τούτων,

290 4505 443 4574 λισσομένη
461 4502 577 4572 τιμῆσαι
589 4496 715 4570 Ἀχιλλῆα
733 4496 956 4570 πτολίπορθον.”
