3130 5192
291 327 354 394 173
695 333 735 380 11.
767 328 991 384 ιιιιιοελ

288 480 373 550 κεῖσ’
394 485 523 563 ἵππους
543 506 580 550 τε
600 482 658 550 καὶ
680 479 759 570 ἅρμ’
783 479 951 567 ίθύνσμεν,
976 477 1061 552 ἔνθα
1081 481 1231 567 μάλιστα

289 580 415 674 ἱππῆες
436 582 535 668 πεζοί
556 610 602 667 τε,
624 585 727 675 κακὴν
748 580 844 674 ἐριδα
866 582 1097 672 προβαλόντες,

233 713 274 754 ιιι
288 681 448 776 ἀλλήλους
470 684 637 770 ὀλέκουσι,
661 687 725 776 βση
748 683 780 754 δ’
805 680 965 772 ίίσβεστσς
987 680 1134 777 ύρωριν.”

329 781 374 870 ὧς
396 786 461 877 άρα
483 787 639 880 φωνήσας
661 791 779 875 ἵμασεν
801 788 1009 878 καλλίτριχας
1030 791 1162 873 ἵππους

285 891 426 978 μάστισι
448 895 578 989 λιπαρῇ·
600 891 654 960 τοί
678 891 715 959 δέ
737 893 863 982 πλητῆς
885 886 1011 972 άίοντες

286 991 385 1084 ῥίμφ’
407 991 524 1085 ἔφερον
544 994 630 1064 θοὸν
650 992 739 1082 δίρμσι
760 995 843 1078 μετά
870 993 984 1080 Τρῶας
1006 993 1064 1062 καὶ
1086 992 1253 1080 Ἀχαιούς,

288 1095 473 1183 στείβοντες
493 1096 609 1176 νέκυάς
630 1121 667 1162 τε
688 1095 746 1162 καί
769 1091 927 1177 άσπίδας.
973 1099 1091 1183 αἵματι
1115 1096 1151 1166 δ’
1175 1096 1261 1182 άξων

235 1225 275 1266 ιιι
289 1195 404 1286 νέρθεν
427 1198 519 1280 άπας
539 1199 737 1268 πεπάλακτο
757 1199 816 1266 καὶ
838 1194 971 1280 ύίντντες
993 1195 1028 1266 αῖ
1051 1201 1129 1290 περί
1152 1198 1283 1294 δίφρον,

287 1296 327 1382 ίίς
350 1297 403 1390 ίίρ’
427 1298 490 1392 ἀφ’
513 1299 660 1370 ἱππείων
682 1299 811 1370 ὁπλέων
832 1301 1041 1390 ραθάμιστες
1062 1299 1201 1389 ἔβαλλον

286 1399 376 1476 αἵτ’
400 1400 464 1470 ἀπ’
486 1403 710 1492 ἐπισσώτρων.
756 1398 775 1472 ὃ
798 1403 835 1470 δὲ
854 1400 946 1472 τίετο
969 1406 1063 1472 δῖναι
1086 1403 1204 1492 ὅμιλον

285 1503 467 1594 άνδρόμεσν
487 1502 586 1596 ῥῆξαί
607 1532 643 1574 τε
663 1507 879 1593 μετάλμενος·
902 1506 937 1576 ἐν
958 1507 997 1575 δὲ
1018 1509 1180 1593 κυδοιμόν

284 1600 343 1698 ἧκε
364 1609 465 1676 κακόν
486 1613 665 1692 Δαναοῖσι,
687 1606 832 1694 μίνυνθα
855 1609 892 1676 δὲ
911 1608 1030 1692 χάζετο
1052 1611 1178 1700 δουρός.

232 1735 272 1775 ειο
288 1707 391 1797 αότάρ
415 1705 433 1778 ό
454 1711 519 1776 τῶν
541 1706 647 1778 άλλων
668 1709 877 1778 ἐπεπωλεῖτο
898 1709 1013 1796 στίχας
1033 1707 1158 1803 άνδρῶν

285 1809 374 1898 έσχει
395 1809 427 1879 τ’
450 1808 528 1900 άορί
548 1837 584 1880 τε
604 1809 784 1897 μετάλοισί
804 1837 841 1878 τε
860 1811 1105 1902 χερμαδίοισιν,

284 1912 437 1995 Αἴαντος
459 1911 491 1981 δ’
515 1910 640 1982 άλέεινε
660 1914 766 2004 μάχην
793 1915 1059 2000 Τελαμωνιάδαο.

222 2055 229 2060 -
326 2019 411 2097 Ζεύς
432 2016 470 2084 δέ
492 2018 603 2105 πατὴρ
625 2014 763 2086 Αἴανθ’
785 2013 947 2106 ύψίζυτος
968 2017 1002 2086 ἐν
1022 2018 1129 2109 φόβον
1150 2015 1260 2112 ὦρσεν.

230 2147 270 2187 ιιι
285 2122 348 2210 στῆ
370 2119 407 2188 δέ
427 2119 554 2210 ταφιύν,
579 2113 704 2187 ὄπιθεν
727 2117 764 2185 δὲ
787 2117 888 2197 σάκος
908 2117 1008 2205 βάλεν
1030 2116 1247 2208 ἑπταβόειον,

283 2221 399 2313 τρέσσε
421 2221 459 2288 δὲ
481 2220 659 2310 παπτήνας
681 2216 736 2310 ἐφ’
760 2217 891 2304 ὁμίλου,
915 2220 999 2314 θηρὶ
1019 2225 1194 2309 εετοικιύς,

283 2323 614 2412 ἐντροπαλιζόμενος,
638 2319 750 2392 όλίτσν
770 2320 848 2389 τάνυ
869 2323 984 2402 τσσνός
1007 2319 1163 2411 άμείβων.

284 2422 329 2506 ιύς
352 2421 384 2492 δ’
408 2422 542 2494 αῖθωνα
564 2425 680 2491 λέοντα
700 2425 790 2509 βοῶν
812 2419 883 2492 άπὸ
904 2425 1106 2508 μεσσαύλοιο

284 2525 460 2595 ἐσσεύαντο
483 2527 575 2606 κύνες
595 2551 632 2594 τε
653 2525 710 2594 καί
733 2522 844 2614 άνέρες
866 2523 1062 2615 άτροιῶται,

229 2652 269 2692 ιω
285 2631 321 2696 οἵ
339 2629 377 2696 τέ
397 2655 456 2714 μιν
478 2625 536 2697 ούκ
558 2625 652 2695 είιῖσι
674 2631 764 2713 βοοῖν
784 2627 821 2694 ἐκ
843 2633 927 2717 πῖαρ
950 2625 1090 2700 ἑλέσθαι
1128 2720 1132 2724 ἡ

283 2731 441 2813 πάννυχοι
463 2729 687 2820 ἐσρήσσοντες·
711 2723 731 2797 ό
753 2728 791 2796 δὲ
812 2733 930 2818 κρειῶν
951 2731 1109 2819 ἐρατίζων

284 2830 389 2914 ίθύει,
413 2829 482 2900 ἄλλ’
505 2828 544 2901 σύ
564 2857 598 2899 τι
621 2829 779 2922 πρήσσει·
801 2834 929 2918 θαμέες
949 2834 1012 2922 κάρ
1036 2831 1168 2920 άκοντες

283 2931 393 3002 άντίον
415 2931 571 3004 άίσσουσι
594 2933 787 3026 θρασειάων
808 2931 879 3002 άπδ
901 2939 1031 3026 χειρῶν,

282 3036 457 3123 καιόμεναί
476 3063 513 3104 τε
535 3035 628 3104 δεταί
634 3035 726 3119 ,τάς
747 3061 783 3104 τε
803 3041 874 3126 τρεῖ
894 3035 1073 3123 ἐσσύμενός
1094 3067 1174 3132 περ·

226 3165 266 3206 ιιι
281 3137 394 3231 η’ῶθεν
416 3137 449 3208 δ’
473 3136 664 3230 άπονόσφιν
685 3135 745 3228 έβη
767 3139 915 3230 τετιηότι
937 3145 1051 3231 θυμῷ·

280 3235 327 3324 ὧς
348 3241 444 3322 Arae
464 3239 535 3310 τότ’
558 3239 627 3310 άπδ
655 3241 776 3329 Τριύων
797 3242 986 3330 τετιημένος
1008 3239 1087 3335 ἦτορ

279 3341 347 3435 ἤιε,
371 3341 467 3412 πόλλ’
490 3343 629 3410 άνέκων·
652 3344 731 3434 περί
752 3344 814 3434 τάρ
837 3343 889 3412 δίε
910 3347 1022 3434 νηυσίν
1044 3345 1197 3433 Ἀχαιῶν.

314 3537 362 3587 5⁴³
381 3533 450 3590 Ζευς
465 3533 520 3610 τάρ
537 3555 583 3589 τοι
602 3534 749 3606 νεμεσᾶθ
769 3533 811 3588 ὅτ’
832 3537 962 3609 ἀμείνονι
980 3546 1052 3614 φωτὶ
1069 3541 1202 3618 μάχοιτο.

313 3620 363 3672 558
382 3617 501 3679 ὡςδ’“
485 3618 528 3672 στ’
550 3617 614 3679 ίίνσς
633 3619 701 3694 παρ’
722 3619 845 3695 ίίρρυρατ
840 3624 915 3679 ίὼν
933 3622 1062 3696 έβιησατο
1081 3631 1186 3691 παῖδας

379 3702 484 3772 νωθής,
504 3689 577 3773 ᾧδὴ
597 3706 687 3760 πολλὰ
706 3711 771 3781 περὶ
790 3707 887 3779 ῥόπαλ’
908 3709 1000 3784 ἀμφὶς
1018 3711 1116 3787 ίτάνη,

313 3790 362 3842 560
380 3797 466 3861 κείρει
484 3809 498 3842 τ
529 3789 665 3844 εἰσελθὼν
681 3791 755 3860 βαθὺ
773 3791 865 3862 λήιον·
886 3800 914 3848 οἵ
933 3797 967 3850 δέ
982 3817 1011 3852 τε
1030 3799 1130 3859 παιδες

377 3873 530 3942 τύπτουσιν
547 3873 710 3946 ῥοπάλοισι,
729 3883 775 3946 βίη
793 3879 828 3932 δέ
843 3897 872 3933 τε
889 3886 975 3947 νηπίη
993 3881 1093 3938 αὐτῶν

378 3957 533 4060 σπουδη
508 3979 524 4012 τ
553 3957 708 4027 ἐξὴλασσαι
702 3961 831 4017 ἐπείτ’
851 3965 1020 4036 ἐκορέσσατο
1038 3972 1159 4043 φορβῆς

378 4029 413 4102 ὧς
430 4041 476 4096 τότ
480 4042 594 4098 ἔπειτ’
616 4051 727 4100 Αἴαντα
743 4052 845 4118 μέσαι,
865 4049 1046 4121 Τελαμώνιον
1064 4053 1138 4122 υίόν,

380 4129 472 4230 Τρῶες
489 4127 651 4204 ὑπέρθυμοι
669 4133 879 4198 τηλεκλειτοί
851 4153 866 4186 τ
900 4136 1049 4210 ἐπίκουροι

312 4215 361 4267 565
380 4213 530 4274 νύσσοντες
547 4219 672 4277 ξυστοῖσι
689 4223 780 4290 μέσον
798 4217 885 4280 σάκος
902 4223 964 4276 αἰὲν
980 4221 1095 4279 ἕποντο.

377 4303 452 4360 Δίας
469 4298 496 4353 δ’
516 4297 614 4354 ἄλλοτε
630 4301 684 4374 μέν
699 4301 878 4376 μνησάσκετο
896 4303 1033 4380 θούριδος
1050 4309 1137 4378 άλκῆς

379 4381 456 4445 αὖτις
472 4383 692 4459 ὑποστρεφθείς,
711 4393 757 4442 καὶ
775 4387 943 4466 ἐρητύσασκε
960 4389 1108 4465 φάλαττας

380 4469 484 4545 Τρώων
501 4469 688 4548 ἱπποδάμων,
707 4471 753 4530 ὁτὲ
771 4475 803 4532 δὲ
821 4475 1003 4550 τρωπάσκετο
1021 4481 1146 4554 φεύτειν.
