3084 5190
265 307 309 372 34
676 305 700 354 ε.
744 303 970 356 ιιιιαοεε

263 457 310 547 μή
332 483 367 525 τι
388 457 511 540 πάθοι,
534 454 621 541 με’τα
642 455 682 524 δέ
701 479 790 548 σφας
811 453 1022 548 ἀποσφήλειε
1044 454 1176 524 πόνοιο.

263 559 310 624 τῶ
330 557 391 643 μὲν
413 559 454 646 δή
476 555 586 645 χεῖράς
605 581 643 623 τε
664 557 722 625 καὶ
744 554 841 641 ἔτχεα
864 553 1021 638 ὀξυόεντα

265 656 376 727 άντίον
398 655 546 748 ἀλλήλων
567 657 677 748 ίχίτην
697 661 852 744 μεμαῶτε
872 656 1056 743 μάχεσθαι,

208 783 251 825 ειο
264 756 450 843 Ἀντίλοχος
472 757 510 826 δὲ
530 755 611 843 μάλ’
634 755 711 842 άτχι
734 757 921 848 παρίστατο
942 759 1081 845 ποιμένι
1102 759 1196 826 λαῶν.

265 859 408 942 Αἰνείας
429 857 461 929 δ’
486 858 523 930 οὔ
545 865 644 946 μεῖνε,
665 861 754 940 θοός
776 886 839 951 περ
861 861 924 930 εἰόν
946 859 1157 950 πολεμιστής,

214 975 221 988 “
265 959 310 1042 ῶς
330 965 438 1030 τεῖδεν
461 961 522 1030 δύο
543 963 635 1053 φῶτε
656 960 739 1050 παρ’
762 960 938 1054 άλλήλοισι
958 965 1101 1050 μένοντε.

265 1060 301 1132 οἳ
321 1061 354 1132 δ’
377 1063 454 1133 ἐπεὶ
477 1057 532 1132 ούν
553 1065 684 1154 νεκρούς
704 1065 844 1154 ,τὲρυσαν
864 1067 948 1152 μετά
970 1067 1049 1134 λαὸν
1070 1060 1229 1146 Ἀχαιῶν,

263 1169 311 1235 τιδ
332 1166 391 1254 μὲν
413 1163 477 1254 δίρα
501 1166 600 1233 δειλιδ
622 1168 763 1258 βαλέτην
783 1167 817 1236 ἐν
837 1168 947 1256 χερσὶν
969 1165 1116 1256 ἑταίρων,

207 1293 247 1335 επ
267 1265 355 1335 αύτῶ
377 1267 415 1335 δὲ
438 1268 641 1359 στρεφθέντε
662 1271 746 1353 μετά
768 1269 934 1358 πρώτοισι
954 1268 1134 1358 μαχέσθην.

308 1366 393 1437 ἔνθα
412 1367 624 1453 Πυλαιμένεα
645 1367 757 1461 ἑλέτην
778 1367 958 1439 άτάλαντον
979 1367 1093 1461 Ἄρηι,

265 1469 366 1558 α’ρχδν
385 1469 616 1561 Παφλατόνων
637 1473 841 1559 μεταθύμων
863 1469 1070 1542 ἀσπιστάων.

263 1574 320 1640 τδν
340 1571 399 1657 μὲν
421 1566 476 1661 άρ’
498 1568 670 1664 Ἀτρεΐδης
691 1573 918 1663 δουρικλειτὸς
939 1573 1113 1654 Μενέλαος

264 1670 396 1741 ἑστεῶτ’
418 1669 509 1758 ίιχεϊ
526 1673 607 1756 νύξε,
629 1675 713 1742 κατά
735 1676 854 1762 κληῖδα
873 1672 1029 1764 τυχήσας·

212 1803 252 1842 εει
265 1771 453 1860 Ἀντίλοχος
475 1775 513 1843 δὲ
536 1775 689 1843 Μύδωνα
710 1774 786 1861 βάλ’
809 1772 939 1864 ήνίοχσν
961 1774 1170 1864 θεράποντα,

270 1876 393 1945 ἐσθλόν
404 1873 624 1966 Ἀτυμνιάδην
643 1916 687 1926 -
709 1871 728 1944 ὃ
750 1871 781 1944 δ’
804 1873 992 1966 ὑπέστρεφε
1011 1875 1161 1963 μώνυχας
1182 1877 1372 1957 ἵππους-η

267 1975 435 2067 χερμαδίῳ
457 1973 586 2046 άτκῶνα
606 1978 712 2061 τυχῶν
731 1977 846 2064 μέσον·
869 1977 906 2046 ίκ
927 1975 960 2045 δ’
981 1973 1046 2066 άρα
1065 1979 1183 2064 χειρῶν

266 2075 344 2169 ήνία
365 2076 454 2146 λεύκ’
476 2078 631 2169 ἐλέφαντι
653 2079 759 2165 χαμαί
781 2081 883 2148 πίοον
905 2077 939 2146 ἐν
960 2077 1116 2170 κονίῃσιν.

263 2176 451 2264 Ἀντίλοχος
473 2177 505 2247 δ’
529 2176 581 2268 ἂρ’
605 2179 746 2262 ἐπαΐξας
768 2180 860 2271 ξίφει
881 2176 984 2272 ἤλασε
1004 2181 1136 2271 κόρσην

210 2311 249 2352 αα
264 2277 368 2368 αύτάρ
392 2277 413 2348 δ’
432 2277 466 2346 τ’
491 2277 688 2366 ἀσθμαίνων
708 2281 878 2370 ἐυεερτίος
898 2279 1018 2350 ἔκπεσε
1040 2280 1161 2372 δίφρου

263 2382 430 2468 κύμβαχος
451 2381 486 2450 ἕν
507 2379 656 2474 κονίῃσιν
676 2382 737 2450 ἐπὶ
758 2382 901 2472 βρεχμόν
922 2408 958 2450 τε
980 2382 1037 2450 καί
1060 2379 1178 2468 ῶμους.

264 2485 356 2572 δηθά
377 2481 458 2569 μάλ’
480 2481 609 2574 ἑστήκει
636 2484 722 2569 (τύχε
742 2483 805 2574 τάρ
827 2482 859 2574 ρ’
882 2481 1036 2570 α’μάθοιο
1057 2482 1229 2574 βαθείης),

264 2581 342 2676 ὄφρ’
364 2586 651 2676 ίππωπλήξαντε
671 2586 776 2672 χαμαί
797 2587 899 2673 βάλον
920 2585 955 2654 ἐν
976 2581 1129 2676 κονίῃσιν.

262 2689 340 2766 τούς
361 2685 395 2754 δ’
415 2684 512 2773 ἵμασ’
534 2684 730 2770 Ἀντίλοχος,
753 2689 836 2772 μετά
860 2686 897 2756 δὲ
917 2689 1058 2777 στρατόν
1078 2681 1175 2774 ήλασ’
1200 2683 1354 2771 Ἀχαιῶν.

210 2815 250 2856 εοο
305 2790 384 2868 τούς
406 2787 439 2855 δ’
452 2789 577 2878 Ἕκτωρ
597 2788 716 2878 ἐνόησε
736 2790 821 2856 κατὰ
844 2787 966 2873 στίχας,
994 2780 1080 2876 ῶρτο
1102 2785 1136 2854 δ’
1153 2785 1216 2856 ἐπ’
1239 2785 1357 2868 αύτούς

262 2889 440 2979 κεκληκώς·
463 2888 533 2976 ἅμα
556 2890 594 2958 δὲ
620 2889 740 2980 Τριόων
762 2892 897 2957 εἵποντο
919 2888 1087 2980 φάλαττες

262 2991 427 3080 καρτεραί.
471 2985 548 3082 ήρχε
571 2987 604 3058 δ’
627 2986 692 3080 άρα
716 3015 796 3082 σφιν
814 2987 916 3082 ’Ἅρης
937 2993 995 3058 καὶ
1017 2987 1131 3060 πότνι’
1151 2987 1259 3073 Ἔνυιύ,

262 3086 285 3183 ή
306 3092 366 3178 μὲν
387 3090 508 3176 ἔχουσα
529 3093 690 3178 κυδοιμὸν
712 3090 853 3160 ἀναιδέα
875 3095 1062 3182 δηιοτῆτος·

259 3189 362 3285 ’Άρης
383 3191 415 3262 δ’
439 3193 474 3262 ἐν
494 3195 671 3286 παλάμῃσι
693 3193 856 3281 πελώριον
877 3191 972 3280 ίτχος
993 3193 1112 3278 ε’νιύμα,

209 3319 249 3360 ονε
264 3295 367 3386 φοίτα
390 3291 421 3363 δ’
446 3292 563 3364 άλλοτε
583 3297 643 3381 μὲν
665 3294 794 3384 πρόσθ’
815 3295 973 3384 Ἕκτορος
995 3291 1106 3363 ἄλλοτ’
1129 3291 1284 3364 δπισθεν.

306 3399 364 3465 τόν
386 3397 423 3464 δὲ
444 3398 551 3464 ειδῶν
572 3395 686 3486 ρίτησε
707 3398 789 3486 βοήν
811 3393 943 3476 άταθδς
965 3396 1149 3488 Διομήδης.

264 3496 309 3578 ῶς
330 3496 363 3566 δ’
386 3495 436 3566 ὅτ’
461 3493 541 3586 άνήρ
565 3494 768 3582 α’πάλαμνος,
792 3495 850 3566 ἰῶν
872 3495 993 3578 πολέος
1015 3495 1159 3580 πεδίοιο,

264 3599 345 3690 στήῃ
368 3595 425 3666 ἐπ’
447 3595 583 3687 ῶκυρδῳ
607 3600 750 3687 ποταμῷ
772 3596 874 3666 δίλαδε
895 3596 1081 3687 προρέοντι,

263 3697 362 3791 ἀφρῷ
382 3698 591 3790 μορμύροντα
611 3701 722 3782 τιδιύν,
747 3696 809 3768 άνά
830 3696 862 3768 τ’
884 3696 1002 3789 ἔδραμ’
1024 3697 1167 3784 ὀπίσσω,

210 3829 250 3868 εοο
264 3793 310 3882 ῶς
330 3801 407 3870 τότε
434 3803 596 3892 Τυδεΐδης
618 3799 799 3886 ἀνεχάζετο,
821 3803 919 3871 τείπί
942 3827 979 3869 τε
999 3805 1069 3891 λαῶ

258 3896 313 3970 ιἰδ
336 3901 441 3994 φίλοι,
466 3895 537 3970 οἷον
559 3905 600 3994 δή
623 3905 836 3991 θαυμάζομεν
849 3905 991 3994 Ἕκτορα
1014 3907 1086 3972 δῖον

266 4002 425 4095 αἰχμητήν
445 4002 477 4072 τ’
499 4002 611 4090 ἔμεναι
632 4009 689 4076 καὶ
711 4007 897 4098 θαρσαλέον
918 4005 1130 4096 πολεμιστήν.

260 4109 308 4196 τῷ
331 4104 362 4174 δ’
387 4104 453 4175 αἰεὶ
476 4108 569 4197 πάρα
592 4100 642 4189 εἷς
661 4133 699 4176 τε
721 4115 819 4190 θεῶν,
843 4103 880 4188 ’δς
900 4109 1014 4178 λοιτδν
1036 4105 1167 4195 ἀμύνει·

258 4209 315 4276 καί
337 4211 391 4276 νῦν
411 4234 467 4277 τοι
490 4209 584 4298 πάρα
606 4213 711 4290 κεῖνος
730 4205 841 4298 Ἄρης,
864 4212 974 4301 βροτῷ
995 4207 1090 4300 άνδρὶ
1110 4209 1281 4291 νεεσικιύς.

204 4331 244 4372 εοε
259 4307 343 4378 άλλά
364 4310 450 4401 πρός
477 4314 591 4402 Τρῶας
610 4310 829 4400 τετραμμένοι
851 4308 921 4380 αἰὲν
943 4308 1075 4381 ὀπίσσω

254 4411 390 4498 πείκετε,
412 4412 497 4502 μηδὲ
517 4419 615 4493 θεοῖς
635 4411 818 4499 μενεαίνετε
838 4417 914 4505 εἶφι
937 4409 1142 4500 μάχεσθαι.”
