3148 5194
493 479 501 494 ,
544 423 586 473 ιι.
623 419 844 474 ιιιιιιιοει
1180 418 1247 491 275

140 565 178 641 ὅν
198 597 236 641 κε
256 572 341 654 θεὸς
361 575 457 665 τιμᾷ,
479 575 565 662 τάχα
586 603 642 648 τοι
664 576 750 664 μένα
772 577 870 668 πῆμα
890 574 1046 670 κυλίσθη.
1150 655 1151 660 1

84 703 125 743 ιω
137 675 187 764 τῷ
208 669 247 760 μ’
269 669 309 742 σύ
328 699 384 755 τις
404 679 547 746 Δαναῶν
567 677 797 770 νεμεσήσεται,
821 678 860 762 ός
880 705 917 747 κε
937 675 1074 772 είύηται

129 773 266 868 Ἕκτορι
285 775 478 868 χωρήσαντ’,
501 779 579 850 ἐπεὶ
600 782 637 850 ἐκ
659 781 785 874 θεόφιν
806 779 989 867 πολεμίζει.

138 875 169 947 εί
191 879 229 948 de
250 904 316 948 που
337 877 494 962 Αἴαντός
514 909 552 951 νε
572 885 655 976 βοήν
676 882 826 954 άναθοῖο
849 884 1036 977 πυθοίμην,

137 977 240 1072 άμφω
261 979 295 1050 κ’
317 974 413 1064 αύτις
434 981 543 1067 ἰόντες
561 985 837 1078 ἐπιμνησαίμεθα
856 986 985 1078 χάρμης

137 1083 196 1151 καὶ
217 1084 303 1172 πρὸς
326 1085 470 1172 δαίμονά
492 1113 573 1178 περ,
597 1087 632 1158 εί
651 1115 724 1171 πως
744 1087 973 1178 εερυσαίμεθα
993 1091 1105 1182 νεκρόν

83 1209 124 1252 ιοε
138 1185 288 1277 Πηλείδη
309 1183 457 1278 Ἀχιλῆι·
478 1194 588 1259 κακῶν
610 1191 649 1260 δέ
668 1219 706 1262 κε
727 1196 887 1286 φέρτατον
909 1188 990 1283 εἴη’

182 1281 251 1371 εἷος
272 1284 293 1358 δ’
314 1290 416 1361 ταῦθ’
438 1291 582 1384 άίρμαινε
603 1299 689 1364 κατά
710 1298 814 1387 φρένα
836 1296 894 1365 καὶ
915 1297 1002 1364 κατά
1023 1294 1148 1382 θυμόν,

137 1391 251 1482 τόφρα
274 1389 307 1460 δ’
329 1391 390 1462 ἐπὶ
418 1396 539 1487 Τριόων
561 1397 670 1484 στίχες
691 1395 834 1490 ἤλυθον·
855 1393 933 1489 ἦρχε
955 1394 989 1466 δ’
1012 1395 1066 1488 όίρ’
1081 1397 1219 1485 Ἕκτωρ.

138 1490 244 1584 αύτάρ
267 1493 287 1562 ό
307 1491 342 1562 τ’
364 1495 512 1579 ἐξοπίσω
535 1495 721 1584 άνεχάζετο,
744 1504 840 1569 λεῖπε
862 1501 900 1569 δὲ
921 1500 1047 1591 νεκρόν,

138 1597 457 1686 ἐντροπαλιζόμενος
478 1599 524 1684 άίς
543 1629 580 1672 τε
602 1605 654 1684 λὶς
674 1601 853 1696 ήυνένεισς,

85 1728 126 1770 ιιι
141 1699 179 1770 όν
200 1706 243 1791 ρα
263 1701 355 1782 κύνες
374 1727 412 1772 τε
433 1704 491 1774 καὶ
514 1701 629 1797 άνδρες
651 1705 721 1776 άπά
744 1712 915 1794 σταθμοῖο
938 1705 1077 1774 δίωνται

139 1801 251 1889 ἐνχεσι
272 1805 331 1872 καί
353 1808 463 1897 φωνῇ·
484 1811 545 1877 τού
567 1805 599 1875 δ’
622 1808 657 1878 ἐν
679 1811 797 1902 φρεσίν
818 1805 959 1895 όίλκιμον
979 1803 1058 1899 ήτσρ

139 1908 339 1990 παχνοῦται,
361 1903 491 1976 άεέκων
512 1909 550 1979 δέ
569 1907 602 1978 τ’
625 1907 685 2001 ἔβη
709 1909 781 1978 άπὸ
802 1911 1015 1996 μεσσαύλοιο.

139 2000 186 2090 ὥς
208 2007 279 2078 άπὸ
298 2009 511 2099 Πατρόκλοιο
532 2008 586 2079 κίε
606 2013 733 2095 ξανθὸς
754 2013 937 2092 Μενέλαος.

139 2113 201 2203 στῇ
223 2112 262 2180 δὲ
281 2111 563 2202 μεταστρεφθείς,
587 2111 664 2182 ἐπεὶ
686 2116 776 2180 ἵκετο
796 2112 919 2194 νέθνος
941 2109 1093 2200 ἑταίρων,

84 2239 126 2281 ιιε
140 2210 340 2282 παπταίνων
360 2211 500 2282 Αἴαντα
519 2213 633 2300 μάταν,
662 2213 870 2300 Τελαμώνιον
891 2211 972 2282 υἱόν.

139 2317 198 2386 τόν
219 2316 258 2386 δὲ
277 2313 357 2403 μάλ’
380 2311 459 2407 αἶψ’
482 2316 598 2409 ἐνόησε
618 2317 727 2407 μάχης
747 2314 806 2386 ἐπ’
829 2315 1122 2408 άριστεράπάσης

138 2416 348 2508 θαρσύνονθ’
368 2417 505 2510 ἐτάρους
525 2421 583 2489 καὶ
605 2421 825 2511 ἐποτρύνοντα
845 2420 1033 2507 μάχεσθαι·

138 2523 323 2594 θεσπέσιον
342 2525 406 2615 κάρ
428 2548 510 2616 σφιν
531 2524 638 2617 φόβον
660 2522 785 2612 ἔμβαλε
807 2530 934 2611 Φοῖβος
955 2520 1137 2594 Ἀπόλλων.

138 2629 183 2717 βῆ
205 2626 244 2695 δέ
264 2626 371 2710 θέειν,
394 2621 496 2717 εἶθαρ
519 2627 557 2696 δέ
579 2627 824 2719 παριστάμενος
844 2627 949 2709 εέπος
970 2623 1066 2718 ηύύα.

86 2721 264 2813 ιιο“Αίαν,
288 2731 398 2821 δεῦρο,
422 2732 541 2800 πέπον.
586 2730 666 2822 περὶ
687 2729 899 2822 Πατρόκλοιο
920 2729 1084 2810 θανόντος

141 2831 339 2920 σπεύσομεν,
363 2829 400 2902 εἶ’
417 2859 454 2901 κε
475 2834 568 2903 νέκυν
589 2859 654 2924 περ
675 2830 829 2922 Ἀχιλλῇι
849 2831 1070 2923 προφέρωμεν

137 2933 272 3021 νυμνόν·
295 2932 378 3023 άτάρ
399 2935 442 3004 τά
463 2960 502 3002 τε
522 2931 628 3018 τεύχε’
650 2932 720 3019 ἔχει
741 2931 966 3023 κορυθαίολος
978 2929 1133 3021 Ἕκτωρ.”

182 3029 227 3118 τίς
248 3033 357 3127 ἔφατ’,
379 3034 509 3106 Αἴαντι
533 3037 570 3104 δὲ
592 3036 750 3126 δαΐφρονι
772 3037 884 3122 θυμόν
905 3031 1019 3125 όρινεν.

138 3142 184 3230 βῆ
206 3138 244 3208 δι’
266 3140 326 3208 διά
348 3139 542 3227 προμάχων,
567 3135 637 3222 άμα
660 3139 698 3204 δὲ
719 3137 842 3219 ξανθὸς
861 3136 1044 3216 Μενέλαος.

85 3241 258 3329 ιιιἝκτωρ
279 3242 339 3328 μέν
359 3239 565 3331 Πάτροκλον,
589 3238 665 3307 ἐπεὶ
687 3238 789 3306 κλυτά
809 3235 913 3322 τεύχε’
935 3235 1083 3329 άπηύρα,

136 3447 195 3516 τὸν
215 3446 254 3514 δὲ
275 3445 369 3516 νέκυν
395 3446 530 3540 Τρηίῃσι
550 3445 790 3535 εερυσσάμενος
811 3444 887 3512 κυσὶ
909 3441 1001 3534 δοίη·

138 3545 237 3629 Αἴας
258 3546 289 3616 δ’
312 3549 453 3619 ἐτι-ύθεν
473 3545 574 3639 η’λθε,
597 3548 705 3642 φέρων
726 3545 830 3628 σάκος
850 3542 929 3636 ήύτε
951 3545 1085 3638 πύρνον.

129 3651 259 3743 Ἕκτωρ
282 3649 316 3720 δ’
337 3649 390 3742 άψ
411 3652 446 3734 ἐς
467 3651 583 3739 ὅμιλον
605 3650 665 3720 ίών
687 3647 862 3735 α’νεχάζεθ’
885 3647 1038 3738 ἑταίρων,

85 3783 127 3824 ιιο
140 3753 176 3834 ἐς
197 3750 317 3842 δίφρον
338 3751 370 3822 δ’
393 3752 565 3845 άνόρουσε·
588 3753 671 3823 δι’όω
694 3751 726 3822 δ’
750 3753 770 3822 ὅ
790 3779 829 3821 τε
849 3753 965 3838 τεύχεα
986 3749 1072 3821 καλά

144 3853 256 3940 Τρωσὶ
277 3851 390 3944 φέρειν
411 3857 513 3943 προτί
533 3857 653 3940 νάστυ,
676 3855 763 3943 μέτα
784 3853 878 3936 κλέος
898 3851 1036 3941 ἔμμεναι
1058 3851 1156 3944 αύτῷ.

139 3951 237 4037 Αἴας
258 3952 291 4024 δ’
314 3951 404 4046 άμφὶ
425 3959 638 4050 Μενοιτιάδη)
660 3958 763 4037 σάκος
785 3955 860 4047 εύρύ
882 3957 1038 4049 καλύψας

138 4057 291 4150 ἑστήκειν
312 4055 357 4139 ὥς
377 4057 429 4140 τίς
449 4084 486 4127 τε
507 4061 590 4128 λέων
612 4059 691 4148 περὶ
711 4063 803 4126 τοῖσι
824 4057 989 4143 τέκεσσιν,

140 4153 170 4252 ᾧ
191 4159 233 4252 ρά
254 4186 292 4229 τε
312 4158 408 4252 νήπι’
430 4155 545 4229 άνοντι
567 4160 830 4252 συναντήσωνται
851 4157 886 4227 ἐν
907 4158 967 4252 ύλῃ

84 4292 125 4336 ιιι
139 4260 255 4356 όίνόρες
275 4262 474 4355 ἐπακτῆρες·
497 4255 518 4330 b*
540 4261 578 4331 δέ
598 4287 636 4330 τε
657 4261 774 4331 σθένεϊ
791 4259 996 4348 βλεμεαίνει,

139 4369 209 4436 πᾶν
230 4367 269 4436 δέ
287 4363 318 4435 τ’
340 4364 535 4436 ἐπισκύνιον
556 4363 647 4432 κάτω
671 4363 802 4433 ἕλκεται
823 4359 903 4434 όσσε
923 4365 1114 4458 καλύπτων·

138 4463 185 4552 ὦς
205 4465 303 4553 Α’ίας
324 4470 403 4558 περὶ
424 4467 608 4558 Πατρόκλῳ
630 4464 712 4556 ήρωι
733 4465 898 4557 βεβήκειν.

139 4567 314 4664 Ἀτρείδης
334 4569 368 4642 δ’
388 4569 552 4662 ἐτίρωθεν
573 4568 748 4662 όρηίφιλος
770 4569 945 4650 Μενέλαος

995 4676 1047 4732 18⁸
