3084 5190
1222 357 1243 424 3

146 512 183 572 Κ.
224 504 404 576 Δολιύυεια.
1261 507 1300 570 10

206 626 386 701 Ἀταμέμνων
397 627 580 704 ἀτρυπνὴσας
592 627 722 698 ἀνίστησι
733 625 798 690 τούς
809 627 942 704 ἀρίστους
954 634 1010 686 τών
1018 629 1156 702 Ἑλλήνων
1164 629 1246 694 αύτός

239 733 267 769 τε
278 719 324 768 καλ
338 717 497 776 Μενέλαος·
510 717 556 770 καλ
569 715 617 772 έπλ
628 717 677 783 τῆς
687 711 798 787 τάφρου
810 713 1088 788 συμβουλευσάμενοι
1096 721 1247 790 πέμπουσι

238 797 435 862 κατασκόπους
447 801 486 861 εἰς
497 798 529 853 τὸ
542 802 598 854 τών
611 799 716 873 Τρώων
728 797 924 872 στρατόπεδον
932 797 1070 857 Ὀδυσσέα
1079 803 1125 856 καλ
1134 800 1246 874 Διομή-

238 886 302 953 δην,
320 887 350 940 οἳ
361 882 481 940 Δόλωνα
494 885 549 958 μὲν
561 882 780 954 συναντήσαντες
792 881 948 960 ἀναιροῦσι,
962 885 1123 960 πυθόμενοι
1135 890 1167 943 δέ
1179 885 1244 960 παρ’

238 965 323 1024 αύτοῡ
336 966 437 1038 Ῥῆσόν
456 987 519 1026 τινα
529 973 645 1039 βασιλέα
653 974 700 1025 καλ
715 973 825 1045 Θρᾷκας
837 977 977 1047 παρεῖναι,
990 973 1062 1030 ἔνθα
1073 991 1102 1028 τε
1114 973 1246 1048 έστρατο-

238 1051 426 1124 πεδεύσαντο,
443 1052 613 1116 ἐπελθόντες
628 1055 822 1128 δολοφονυῡσι
833 1053 884 1114 τόν
893 1054 993 1127 Ῥῆσον
1003 1062 1050 1114 καλ
1062 1061 1118 1116 τών
1129 1059 1247 1132 ἑταίρων

238 1136 326 1206 τινάς,
338 1138 405 1200 τούς
415 1157 445 1194 τε
458 1143 566 1202 ἵππους
578 1137 664 1195 αὐτοῦ
676 1136 867 1202 ἀπελάσαντες
879 1143 919 1202 είς
931 1141 981 1197 τὸν
992 1140 1179 1214 ναύσταθμον
1191 1162 1245 1196 πα-

239 1233 411 1296 ρατίνονται.

139 1349 202 1428 A„
231 1341 473 1431 Ἀταμέμνονος
494 1340 654 1435 ἀριστεία.
1262 1370 1296 1430 11

209 1463 388 1540 Ἀταμέμνων
404 1463 488 1530 αύτός
503 1485 533 1522 τε
546 1465 738 1542 ὁπλισάμενος
750 1471 795 1523 καλ
808 1466 872 1531 τούς
883 1465 984 1532 ἀλλους
994 1472 1173 1530 καθοπλίσας
1183 1466 1245 1525 Ἕλ-

236 1555 319 1620 ληνας
334 1549 427 1616 έξάτει
442 1554 490 1608 έπλ
507 1552 557 1610 τὸν
573 1551 708 1628 πόλεμον.
733 1549 840 1628 Ἕκτωρ
858 1555 890 1610 δὲ
902 1553 974 1616 Διὸς
984 1553 1166 1616 κελεύσαντος
1178 1553 1245 1612 ἀνα-

233 1643 324 1709 χωρεῖ
334 1640 381 1706 τῆς
387 1634 490 1710 μάχης,
504 1637 554 1699 ἓως
567 1635 748 1712 Ἀταμέμνων
759 1639 807 1694 έπλ
817 1638 867 1696 τὸν
877 1636 1063 1714 ναύσταθμον
1071 1639 1244 1703 διασώζεται.

236 1720 305 1794 μετά
322 1726 409 1776 ταῦτα
422 1721 574 1784 Ὀδυσσεύς
590 1726 811 1795 κυκλωσαμένων
828 1721 913 1780 αύτόν
925 1729 981 1780 τών
994 1723 1101 1800 Τρώων
1112 1721 1244 1798 ἀμύνεται

238 1802 350 1870 αύτούς,
366 1812 491 1868 Λέοντος
507 1811 553 1862 καλ
566 1805 717 1862 Μενελάου
726 1806 1021 1880 βοηθησάντωναύτῷ.
1047 1807 1247 1884 τιτρώσκονται
1283 1815 1286 1822 ’

237 1893 334 1960 μέντοι
355 1896 412 1948 τών
429 1890 565 1962 Ἑλλήνων
586 1897 616 1948 οί
636 1888 757 1968 ἀριστοι,
772 1890 956 1968 Ἀναμέμνων
974 1894 1029 1966 μὲν
1048 1892 1105 1949 ἀπὸ
1120 1891 1246 1958 Κόωνος,

237 1972 388 2038 Ὀδυσσεύς
398 1977 431 2032 δέ
443 1975 500 2034 ύπό
509 1977 621 2034 Σώκου·
637 1979 694 2036 ὑπὸ
703 1981 735 2035 δὲ
741 1976 923 2054 Ἀλεξάνδρου
932 1978 1091 2044 τοξεύονται
1099 1976 1248 2051 Διομήδης

238 2066 283 2114 καλ
300 2058 467 2133 Εὐρύπυλος
479 2068 525 2118 καλ
538 2063 677 2135 Μαχάων,
692 2061 726 2120 όν
738 2063 891 2120 λαανιόντα
904 2063 956 2120 σύν
967 2069 1092 2138 Νέστορι
1103 2060 1247 2136 θεασάμε-

239 2165 287 2207 νος
299 2145 436 2218 Ἀχιλλεὺς
452 2149 647 2221 διαπέμπεται
661 2148 828 2224 Πάτροκλον
842 2149 1051 2222 μαθησόμενον
1065 2155 1108 2210 τίς
1124 2153 1166 2214 εἴη
1179 2147 1194 2202 ό
1206 2165 1248 2202 τε·

239 2235 387 2306 τρωμένος.
413 2230 429 2290 ὃ
446 2235 478 2288 δλ
494 2231 668 2306 ἀφικόμενος
685 2237 731 2290 καλ
741 2231 846 2306 μαθών
858 2231 1003 2305 Μαχάονα
1015 2233 1094 2298 ελναι,
1108 2229 1185 2306 παρὰ
1197 2232 1248 2286 τοῦ

217 2311 220 2314 ’
239 2323 384 2392 Νέστορος
400 2323 591 2394 προτρέπεται
602 2317 617 2387 ἢ
631 2319 680 2376 τόν
685 2317 804 2392 Ἀχιλλέα
817 2327 915 2376 πεῖσαι
926 2322 1111 2393 συμμαχῆσαι
1122 2314 1248 2378 τοῖςἛλ·

240 2401 351 2471 λησινῆ
369 2402 451 2466 αύτός
466 2409 538 2461 νοῦν
553 2403 646 2474 λαβών
661 2403 711 2474 τὴν
727 2410 899 2478 παντευχίαν
915 2400 1114 2476 τούἍχιλλέως
1125 2403 1249 2466 ἐξελθεῖν

239 2491 278 2547 ελς
297 2486 400 2560 μάχην.
430 2487 656 2562 ἐπανερχόμενος
673 2491 704 2545 δὲ
723 2487 881 2564 περιτυχών
895 2486 1053 2560 Εὐρυπύλῳ
1070 2493 1193 2561 κομίσας
1209 2489 1249 2548 τίς

240 2570 288 2632 τάς
299 2577 365 2634 ναῦς
377 2573 538 2650 θεραπεύει.

145 2696 192 2758 Μ.
235 2692 439 2779 τειχομαχία.
1265 2702 1303 2765 12

208 2809 366 2882 ἀποβάντες
386 2821 416 2873 ολ
437 2819 531 2891 Τρώες
550 2820 607 2873 τών
627 2819 726 2874 λππων
746 2817 925 2886 διαβαίνουσι
947 2815 998 2884 τὴν
1017 2813 1139 2891 τάφρον,
1157 2823 1249 2871 καίτοι

239 2897 377 2956 ἀπαισίου
393 2898 489 2965 αύτοῖς
504 2905 643 2976 φανέντος
659 2903 770 2964 οἰωνοῦ,
784 2903 830 2955 καλ
843 2902 883 2962 ελς
894 2903 978 2956 πέντε
989 2896 1079 2962 τάξεις
1089 2899 1248 2974 διαιρεθέν-

240 3001 283 3044 τες
300 2984 512 3060 προσβάλλουσι
523 2991 563 3058 τῷ
575 2993 661 3059 τείχει
669 2989 725 3042 τών
735 2981 879 3054 Ἑλλήνων.
905 2983 976 3040 ἔνθα
987 2976 1151 3059 Σαρπηδών
1162 2985 1248 3038 ἔπαλ-

240 3072 283 3130 ξιν
298 3075 443 3142 κατασπᾷ,
453 3067 556 3148 Ἕκτωρ
574 3073 605 3128 δὲ
622 3076 696 3142 λίθῳ
712 3070 805 3140 βαλών
821 3069 870 3130 τὰς
887 3067 977 3130 πύλας
988 3070 1074 3138 έπέβη
1085 3075 1146 3129 ταῖς
1156 3075 1248 3134 ναυσί,

239 3157 284 3208 καὶ
298 3157 327 3210 ολ
338 3152 420 3210 ἄλλοι
432 3155 484 3214 σύν
495 3153 570 3227 αύτῷ
582 3155 686 3216 πάντες
699 3158 801 3228 Τρῶες.

145 3278 182 3338 Ν.
223 3273 309 3365 μάχτ)
324 3273 473 3358 έπὶταῖς
486 3275 608 3345 ναυσίν.
1264 3289 1303 3351 13

208 3397 358 3452 Ποσειδῶν
372 3401 545 3470 νικωμένους
560 3399 646 3454 έλεών
660 3397 726 3460 τούς
737 3393 867 3465 Ἕλληνας
880 3393 1029 3469 ὁμοιοῦται
1041 3392 1185 3466 Κάλχαντι
1201 3395 1248 3449 καλ

245 3475 426 3559 ἀμφοτέρους
446 3483 512 3545 τούς
527 3488 653 3544 Αἴαντας
669 3485 816 3556 παρορμᾷ,
838 3481 936 3536 ἔπειτα
952 3481 984 3536 δὲ
1000 3484 1046 3536 καλ
1061 3479 1128 3542 τοὺς
1141 3475 1247 3542 ἀλλους.

177 3617 184 3634 ,
239 3567 310 3638 μετά
326 3571 412 3624 ταῦτα
425 3565 583 3642 Ἰδομενεύς
602 3565 741 3642 ἀριστεύει
757 3571 805 3622 καὶ
821 3563 933 3642 ἀναιρεῖ
945 3564 1099 3642 Ὀθρυονέα
1114 3573 1164 3622 κατ’
1173 3584 1250 3627 τινας

240 3647 345 3714 ἀλλους.
371 3656 474 3708 πολλοὶ
487 3655 519 3709 δὲ
530 3651 623 3710 αύτών
633 3649 822 3726 ἀναιροῦνται.
848 3650 1050 3724 τιτρώσκονται
1061 3653 1093 3708 δὲ
1101 3657 1249 3723 Δηίφοβος

240 3741 286 3792 καλ
298 3733 416 3800 Ἕλενος.
440 3739 507 3800 τούς
516 3740 550 3796 δλ
563 3737 706 3808 ὑπηκόους
718 3737 886 3796 συνατατύν
892 3736 996 3811 Ἕκτωρ
1008 3736 1110 3794 έπάκει
1121 3744 1181 3798 τοῖς
1192 3757 1247 3792 πο-
1349 3748 1350 3753 ’

239 3826 354 3894 λεμίοις,
368 3827 413 3880 καλ
424 3821 556 3898 μετάλως
566 3821 774 3899 ἀμφοτέρωθεν
784 3819 974 3898 ἀναιροῦνται.

147 3937 181 4006 Ξ.
222 3937 442 4034 Διὸςάττάτη.
1265 3957 1303 4018 14

213 4056 393 4136 Ἀταμέμνων
405 4064 634 4140 συμπαραλαβών
645 4065 710 4126 τοὺς
721 4070 890 4137 τραυματίας
899 4066 946 4119 καὶ
954 4063 1085 4140 Νέστορα
1095 4061 1148 4118 σὺν
1157 4058 1252 4122 αὐτοῖς

240 4147 342 4210 ἔξεισιν
357 4150 406 4205 έπλ
421 4149 473 4204 τὸν
489 4147 628 4223 πόλεμον.
652 4145 730 4224 Ἦρα
742 4149 775 4205 δλ
791 4149 842 4205 τὸν
857 4148 959 4204 κεστὸν
974 4151 1097 4217 λαβοῦσα
1113 4147 1190 4220 παρὰ
1202 4149 1250 4214 τῆς

243 4229 410 4307 Ἀφροδίτης
420 4236 593 4308 κατέρχεται,
605 4237 653 4289 καλ
668 4233 719 4290 τὸν
729 4228 842 4289 Ὕπνον
853 4240 978 4288 πείσασα
989 4235 1109 4306 κοιμίζει
1120 4231 1171 4287 τὸν
1182 4233 1248 4286 Δία.

239 4319 390 4376 Ποσειδῶν
410 4320 443 4376 δὲ
459 4325 520 4380 τοῖς
533 4316 647 4388 Ἕλλησι
662 4323 775 4388 βοηθεῖ,
796 4320 844 4374 καλ
861 4316 951 4378 πολύς
964 4315 1055 4390 φόνος
1070 4322 1177 4371 πίνεται
1193 4316 1250 4369 τῶν

242 4402 355 4476 Τρώων·
378 4408 455 4466 Alae
465 4405 497 4462 δὲ
509 4407 583 4474 λίθῳ
594 4399 810 4478 βαλύνἛκτορα
821 4399 954 4472 πλήσσει·
968 4399 985 4458 ό
997 4403 1030 4458 δλ
1041 4397 1193 4458 ἀνατατύν
1205 4392 1249 4452 αἶ-

238 4506 279 4558 μα
290 4489 454 4560 λιποψυχεῖ.
479 4487 620 4565 ἀριστεύει
632 4490 665 4546 δὲ
676 4492 723 4543 καλ
734 4491 810 4550 Αἶας
821 4485 837 4544 ό
849 4485 974 4558 Λοκρός.

1013 4579 1025 4628 1
1033 4575 1047 4604 1
