3148 5194
576 349 620 404 ιι.
657 349 877 407 nmmos?
1211 353 1280 427 χχχ

169 501 264 575 “Ζεό
285 505 406 599 πάτερ,
430 505 467 577 οὐ
489 509 553 600 μήν
573 507 673 576 καλδν
694 506 855 596 ὑπέρβιον
877 506 1111 606 εὐχετάασθαι.

133 639 161 680 ιο
176 606 247 676 δότ’
271 603 328 680 οὖν
349 610 535 701 παρδάλιος
555 612 674 678 τόσσον
695 611 792 696 μένος
815 609 888 680 οέτε
910 614 1040 695 λέοντος

174 708 248 780 οίίτε
270 713 349 793 συὸς
369 713 500 800 κάπρου
523 711 735 803 ὀλοόφρονος,
760 707 797 782 οὗ
818 742 855 782 τε
876 719 1033 802 μέτιστος

173 815 285 900 θυμός
306 814 355 884 ἐνὶ
377 816 543 906 στήθεσσι
565 817 643 904 περὶ
667 817 785 884 σθένεϊ
803 819 1005 904 βλεμεαίνει,

175 913 275 984 ὅσσον
294 918 456 987 Πανθόοα
478 911 548 999 υἷες
569 916 742 1002 ἐυμμελίαι
766 921 968 1010 φρονέουσιν.

174 1015 333 1104 οόδὲμὲν
354 1017 431 1088 οὐδὲ
451 1019 509 1111 βίη
528 1020 747 1112 Ὑπερήνορος
770 1019 986 1108 ἱπποδάμοιο

133 1142 160 1184 ιο
173 1123 234 1211 πῆς
253 1121 337 1212 ἥβης
358 1119 519 1212 ἀπόνηθ’,
544 1124 599 1192 ὅτε
619 1122 656 1210 μ’
678 1120 785 1192 ι’όνατο
807 1125 865 1192 καί
885 1124 921 1211 μ)
944 1125 1119 1214 ὑπέμεινεν

174 1223 233 1292 καί
253 1221 294 1310 μ’
316 1222 414 1316 ἔφατ’
436 1225 471 1293 ἐν
492 1232 676 1295 Δαναοῖσιν
697 1227 882 1310 ἐλένχιστον
903 1231 1108 1321 πολεμιστήν

175 1321 326 1410 ἔμμεναι·
342 1323 430 1396 ,οὐδέ
450 1327 489 1396 τί
509 1353 597 1419 φημι
621 1327 766 1397 πόδεσσί
787 1355 825 1398 τε
846 1337 937 1398 τοῖσι
959 1334 1074 1400 κιόντα

175 1423 337 1519 εὐφρῆναι
359 1425 479 1512 ἔλαχόν
500 1455 535 1497 τε
558 1428 658 1520 φίλην
680 1430 815 1512 κεδνοός
835 1459 872 1499 τε
893 1437 1021 1523 τοκῆας.

174 1527 219 1620 ιῖίς
240 1536 308 1620 θην
327 1531 386 1598 καὶ
409 1533 468 1599 σδν
489 1531 554 1600 ἐπιδ
575 1534 663 1600 λόσω
685 1534 797 1618 μένος,
823 1533 858 1602 εἴ
876 1536 914 1604 κέ
936 1563 996 1622 μευ
1020 1533 1102 1604 άντα

132 1661 160 1701 ου
173 1631 284 1722 στήης.
329 1630 413 1700 ἀλλά
433 1631 467 1702 σ’
489 1635 554 1704 ἐνοί
575 1633 608 1702 τ’
633 1633 888 1724 ἀναχωρήσαντα
910 1640 1029 1707 κελεύω

174 1733 208 1814 ἐς
229 1735 364 1824 πληθδν
386 1733 480 1817 ἰέναι,
502 1735 582 1828 μηδ’
606 1735 717 1819 ἀντίος
739 1738 851 1808 ἵσταο)
872 1740 977 1826 ἐμεῖο,

174 1835 254 1926 πρίν
274 1863 309 1906 τι
331 1839 433 1906 κακόν
454 1838 614 1907 παθέειν·
638 1841 755 1928 ῥεχθὲν
777 1840 817 1908 δέ
836 1865 873 1907 τε
893 1842 1014 1931 νήπιος
1035 1839 1145 1909 ἔν·νω.”

216 1931 262 2020 ὦς
283 1940 385 2032 φάτο,
407 1943 463 2010 τόν
486 1939 516 2010 δ’
541 1939 578 2009 οδ
601 1947 736 2008 πεῖθεν·
760 1939 978 2028 ἀμειβόμενος
1000 1944 1038 2010 δέ
1060 1943 1237 2034 προσηόδα

169 2037 251 2110 “viv
271 2045 330 2128 μέν
353 2043 412 2133 δή,
436 2043 590 2111 Μενέλαε
612 2045 795 2134 διοτρεφές,
819 2038 840 2134 ή
862 2047 952 2130 μάλα
973 2045 1079 2127 τίσεις

132 2147 297 2216 οετνωτδν
318 2144 413 2230 ἐμόν,
437 2147 493 2213 τὸν
516 2143 669 2238 ἔπεφνες,
693 2145 911 2230 ἐπευχόμενος
933 2144 964 2213 δ’
989 2145 1171 2236 ἀνορεόεις,

172 2249 322 2339 χήρωσας
344 2249 382 2315 δέ
401 2253 540 2314 τυναῖκα
561 2249 654 2334 μυχῷ
675 2247 848 2332 θαλάμοιο
870 2248 972 2328 νέοιο,

174 2349 295 2442 ἀρητὸν
318 2351 355 2418 δὲ
375 2358 509 2418 τοκεῦσι
530 2347 609 2418 νόον
631 2349 688 2416 καὶ
711 2349 841 2428 πένθος
863 2346 1000 2438 ἔθηκας.

173 2446 195 2544 ἦ
216 2455 254 2522 κέ
276 2477 356 2544 σφιν
379 2453 523 2522 δειλοῖσι
543 2451 625 2519 τόου
647 2449 853 2536 κατάπαυμα
873 2449 1043 2541 νενοίμην,

174 2553 210 2624 εἷ’
227 2581 282 2624 κεν
304 2555 369 2624 ἐσσί
392 2553 537 2646 κεφαλήν
557 2579 594 2621 τε
615 2555 689 2644 τεήν
710 2553 769 2619 καὶ
790 2550 896 2635 τεύχε’
918 2551 1045 2634 ἐνείκας

127 2690 157 2731 ιο
172 2656 323 2747 Πανθόφ
346 2658 381 2725 ἐν
400 2655 545 2747 χείρεσσι
567 2655 659 2742 βάλω
682 2655 740 2722 καὶ
765 2653 925 2742 Φρόντιδι
949 2655 1014 2748 δίη.

174 2757 242 2828 ἀλλ’
265 2756 305 2829 οδ
326 2761 390 2851 μήν
413 2757 464 2826 ἔτι
487 2759 584 2850 δηρδν
607 2753 787 2847 ἀπείρητος
808 2758 910 2838 πόνος
931 2755 1026 2827 ἔσται

172 2859 251 2932 οδδέ
272 2859 304 2928 τ’
326 2858 495 2952 ἀδήριτος,
519 2858 542 2949 ή
562 2855 592 2928 τ’
617 2857 718 2947 ἀλκῆς
739 2856 762 2948 ή
782 2883 819 2926 τε
840 2857 992 2950 φόβοιο.”

215 2957 260 3046 ὦς
280 2965 408 3032 εειπών
430 2959 549 3052 οίίτησε
569 2957 643 3027 κατ’
668 2958 799 3028 ἀσπίδα
820 2960 960 3028 πάντοσ’
983 2959 1110 3052 ἐείσην·

174 3063 246 3136 οὐδ’
270 3063 399 3157 ἔρρηξεν
419 3062 553 3148 χαλκός,
577 3059 795 3151 ἀνετνάμφθη
819 3062 857 3128 δέ
876 3087 932 3129 τοι
955 3059 1057 3153 αἰχμή

132 3198 159 3242 ιε
174 3165 295 3238 ἀσπίδ’
318 3165 369 3236 ἔνι
390 3171 538 3256 κρατερῇ.
584 3158 603 3232 ὃ
626 3165 663 3230 δὲ
685 3162 837 3252 δεύτερος
859 3159 982 3254 ι’όρνυτο
1002 3165 1119 3254 χαλκῷ

174 3268 345 3363 Ἀτρείδης
366 3265 552 3346 Μενέλαος,
575 3263 796 3350 ἐπευξάμενος
816 3265 880 3331 Διί
902 3263 1021 3355 πατρί,
1135 3311 1140 3323 ·
1212 3289 1217 3296 ·

174 3369 228 3464 ἀφ
251 3372 282 3442 δ’
306 3370 564 3457 ἀναχαζομένοιο
586 3370 671 3436 κατά
694 3368 875 3453 στομάχοιο
896 3367 1052 3454 θέμεθλα

172 3475 252 3562 τόξ’,
274 3475 334 3546 ἐπὶ
357 3473 390 3543 δ’
413 3471 512 3554 αότδς
533 3469 652 3561 ἔρεισε,
675 3467 793 3560 βαρείῃ
815 3470 901 3557 χειρὶ
923 3471 1093 3562 πιθήσας·

173 3576 330 3668 ἀντικρύς
348 3574 381 3647 δ’
404 3575 551 3646 άπαλοῖο
574 3572 621 3645 δι’
644 3571 775 3658 αὐχένος
796 3569 898 3664 ἤλυθ’
922 3571 1043 3664 ἀκωκή.

133 3715 160 3756 50
175 3681 340 3770 δοόπησεν
362 3681 400 3748 δέ
422 3679 545 3762 πεσών,
568 3675 715 3768 ἀράβησε
737 3676 774 3745 δέ
794 3673 899 3761 τεύχε’
921 3675 976 3745 ἐπ’
1001 3674 1105 3766 αὐτῷ·

176 3780 294 3867 αίματί
314 3807 371 3850 τοι
392 3781 524 3850 δεύοντο
546 3780 650 3864 κόμαι
671 3777 859 3868 χαρίτεσσιν
882 3775 995 3864 ὁμοῖαι

173 3879 321 3968 πλοχμοί
341 3878 383 3949 θ’
406 3877 442 3948 οἳ
459 3883 567 3969 χρυσῷ
588 3881 704 3948 τεκαὶ
726 3878 856 3969 ἀρτόρηι
880 3879 1081 3972 ἐσφήκωντο.

174 3977 247 4056 οἷον
269 3983 307 4053 δέ
327 3983 442 4074 τρέφει
464 3981 555 4070 ἔρνος
576 3979 655 4073 ἀνήρ
677 3983 833 4071 ἐριθηλὲς
854 3982 966 4074 ἐλαίης

172 4089 269 4178 χοίρῳ
292 4087 326 4157 ἐν
348 4083 512 4174 οἰοπόλῳ,
537 4079 556 4152 ὃ
578 4083 675 4164 πόλις
696 4081 913 4175 ἀναβέβροχεν
933 4087 1037 4178 ίίδωρ,

134 4193 277 4264 εεκαλδν
297 4189 477 4282 τηλεθάον·
500 4187 540 4254 τδ
563 4185 601 4254 δέ
621 4212 658 4253 τε
679 4187 798 4254 πνοιαὶ
821 4188 990 4256 δονέουσιν

174 4291 343 4362 παντοίων
363 4289 501 4377 ἀνέμων,
524 4288 582 4358 καί
603 4314 639 4356 τε
660 4289 755 4381 βρόει
778 4287 879 4359 ι’ίνθεϊ
897 4294 1018 4382 λευκῷ·

174 4395 282 4466 ἔλθοίν
304 4394 337 4464 δ’
358 4392 514 4485 ἐξαπίνης
536 4389 655 4477 ἔνεμος
677 4396 735 4462 σδν
755 4393 897 4463 λαίλαπι
920 4398 1028 4486 πολλῇ

174 4499 304 4589 βόθρου
324 4494 355 4565 τ’
377 4497 552 4587 ἐξέστρεψε
573 4496 630 4564 καὶ
653 4495 839 4577 ἐξετάνυσσ’
861 4496 921 4564 ἐπὶ
942 4496 1041 4586 ναίη·

1047 4605 1079 4658 18
