3084 5190
303 357 326 422 4

307 515 344 579 0.
389 507 555 593 παλίωξις
576 510 670 598 παρά
693 513 758 578 τῶν
776 512 864 578 νεῶν.
1433 516 1466 575 15

371 648 441 710 Ζεὺς
452 648 577 718 δτερθελς
588 651 634 701 καὶ
644 647 822 721 θεασόμενος
830 645 894 708 τοὺς
904 651 1002 724 Τρῶας
1011 645 1200 720 νικωμένους*
1194 655 1261 726 Πρᾳ
1270 649 1414 721 ἐπιπλήσ-
1523 709 1524 736 ἢ

404 751 459 797 σει,
474 735 519 786 καλ
530 724 601 806 ’ίριν
615 733 671 806 μὲν
687 735 797 808 πέμπει
813 731 886 809 πρὸς
901 733 1079 797 Ποσειδῶνα,
1097 731 1216 790 κελεύων
1231 732 1414 808 ἀφίστασθαι
1523 751 1524 774 ι

403 820 453 873 τοῦ
469 821 608 890 πολέμου,
623 815 784 874 Απόλλωνα
801 815 866 874 δὲ”
850 837 927 880 οπως
938 817 1088 894 ἀναρριόση
1100 816 1314 894 τόνἜκτορα,υ
1298 841 1330 881 ος
1341 819 1413 878 ἀνα·
1523 873 1524 884 ,

402 902 495 974 λαβὼν
507 904 604 958 αίτίδα
621 904 686 964 τοὺς
696 899 826 971 Ἕλληνας
838 905 877 962 ελς
888 901 983 975 φυςὴν
994 905 1099 978 τρέπει.
1121 907 1259 979 καὶμέχρι
1272 907 1329 961 τῶν
1340 907 1414 962 νεῶν
1523 919 1524 930 ’

403 990 636 1060 συνδιωχθέντων
646 993 721 1050 Alae
733 988 748 1042 6
762 986 941 1062 Τελαμώνιος
952 987 1073 1050 πολλοὺς
1084 986 1194 1065 ἀναιρεῖ
1201 993 1257 1046 τῶν
1266 993 1413 1064 πολεμίων
1523 1027 1524 1050 τ

402 1074 468 1134 τοὺς
479 1079 538 1136 ταῖς
549 1077 631 1130 ναυσλ
644 1078 702 1148 πῦρ
712 1075 906 1146 ἐπιφέροντας.

303 1203 346 1264 Π.
390 1193 609 1283 Πατρόκλεια.
1430 1215 1466 1275 16

371 1313 524 1392 Πατρόκλῳ
542 1317 670 1384 δεηθέντι
683 1314 820 1388 Ἀχιλλεὺς
837 1317 981 1392 ἐπιτρέπει
994 1316 1044 1385 τήν
1055 1319 1155 1374 ἑαυτοῦ
1167 1319 1331 1374 πανοπλίαν
1343 1314 1412 1374 ἀνα-

404 1406 498 1471 λαβεῖν
516 1405 563 1456 καλ
574 1401 639 1462 τοὺς
650 1400 841 1475 Μυρμιδόνας
853 1401 962 1464 έξότειν
974 1403 1022 1458 λπλ
1034 1404 1084 1459 τὸν
1096 1401 1236 1476 πόλεμον·
1250 1405 1280 1458 ολ
1292 1404 1324 1474 δὲ
1337 1405 1411 1466 1522-

404 1485 506 1547 θάντες
521 1487 644 1562 ἔτρεψαν
659 1486 724 1547 τοὺς
738 1491 842 1561 Τρῶας.
868 1483 1032 1562 Πότροκλος
1043 1489 1075 1543 δὲ
1086 1489 1263 1564 Σαρπηδόνα
1275 1489 1326 1546 τόν
1338 1491 1411 1551 Διὸς

405 1569 525 1646 ἀναιρεῖ,
544 1573 594 1628 τὸν
610 1570 757 1648 παρήορον
772 1575 867 1629 ἵππον
882 1579 933 1627 τοῦ
952 1569 1095 1644 Ἀχιλλέως
1110 1571 1244 1630 ἀνελόντα
1261 1573 1410 1646 Πήδασον.

404 1655 501 1712 ἔπειτα
518 1657 549 1712 δὲ
566 1655 731 1732 Πάτροκλον
737 1652 840 1732 Ἕκτωρ
856 1655 967 1732 ἀναιρεῖ
981 1663 1121 1727 πλητέντα
1133 1661 1274 1734 πρότερον
1285 1660 1342 1718 ὑπὸ
1356 1659 1412 1717 Εὖ-

404 1745 522 1821 φὸρβου,
538 1741 712 1802 Ἀπόλλωνος
722 1737 898 1814 ἀφελομένου
910 1741 960 1814 τήν
972 1749 1136 1802 πανοπλίαν
1146 1741 1239 1800 αὐτοῦ.

303 1874 337 1935 Ρ.
383 1865 559 1936 Μενελάου
575 1860 736 1952 ἀριστεία.
1428 1880 1464 1940 Π

371 1991 436 2062 περὶ
456 1991 506 2042 τοῦ
524 1983 689 2060 Πατρόκλου
710 1982 841 2056 σώματος
861 1985 979 2060 κρατερὰ
999 1993 1160 2043 συνίσταται
1181 1987 1267 2062 μόχη,
1294 1988 1358 2043 καθ’
1377 1987 1411 2056 ήν

403 2069 555 2147 Εὔφορβος
569 2073 623 2143 μὲν
640 2066 793 2140 ἀναιρεῖται
806 2067 863 2124 ὑπὸ
877 2067 1035 2134 Μενελάου,
1044 2068 1147 2146 Ἕκτωρ
1160 2074 1192 2129 δέ
1204 2069 1254 2143 τήν
1267 2072 1412 2144 Ἀχιλλέως

404 2157 533 2214 ίνδόεται
545 2157 708 2211 πανοπλίαν
720 2157 765 2208 καλ
778 2151 944 2210 ἀνθίσταται
958 2153 1159 2225 ταῖςἛλλησιν.
1184 2163 1214 2213 ολ
1224 2159 1256 2213 δὲ
1268 2161 1333 2232 περὶ
1346 2166 1409 2215 Μρ.

403 2247 504 2298 νέλαον
527 2240 686 2311 Ἀντίλοχον
706 2238 917 2312 διαπέμπονται
941 2239 1014 2311 πρὸς
1032 2236 1155 2311 Ἀχιλλέα
1176 2242 1226 2298 τὸν
1244 2242 1411 2316 Πατρόκλου

403 2326 531 2381 θάνατον
550 2323 734 2386 ἀττελοῦντα,
757 2321 912 2382 ὑποδύντες
933 2325 964 2378 δὲ
984 2329 1030 2379 καὶ
1046 2323 1184 2399 ἀράμενοι
1201 2328 1233 2383 τό
1252 2331 1334 2400 σῶμα
1350 2336 1411 2390 τοῖς

405 2407 494 2482 ὤμοις
505 2411 653 2484 ίιιφέρουσι
667 2412 715 2476 τῆς
725 2408 825 2480 μάχης.
849 2413 878 2462 οἱ
890 2409 921 2464 δὲ
933 2414 1053 2472 Αίαντες
1062 2417 1243 2486 προμαχοῦσι
1254 2419 1299 2468 καλ
1310 2412 1409 2488 ότιείρ.

403 2512 486 2550 τουσι
498 2494 564 2555 τοὺς
575 2497 734 2565 πολεμίους.

258 2714 263 2728 ι
302 2623 338 2683 Σ.
383 2611 580 2684 όπλοποιλα.
1427 2640 1464 2701 18

370 2735 508 2810 Ἀχιλλεὺς
519 2737 570 2791 τὸν
581 2733 748 2811 Πατρόκλου
759 2732 886 2792 θάνατον
898 2738 1032 2800 ίπιτνοὺς
1044 2737 1182 2813 ὀδύρεται.
1206 2737 1366 2797 ἀνελθοῦσα
1378 2744 1409 2798 δὲ

403 2819 419 2890 ή
435 2825 516 2881 Θέτις
526 2823 558 2877 λκ
569 2825 617 2889 τής
628 2818 774 2886 θαλάσσης
782 2821 1040 2896 παρητορεϊαότόν,
1054 2829 1098 2880 καλ
1110 2833 1243 2901 παραινεῖ
1250 2823 1410 2899 ἀπέχεσθαι

403 2911 453 2962 τοῦ
472 2910 600 2979 πολέμου
616 2905 665 2966 έως
681 2903 717 2961 ἀν
731 2902 806 2976 αὐτῷ
818 2903 894 2960 ὅπλα
906 2914 1010 2982 κομίση
1022 2909 1099 2984 παρά
1111 2915 1162 2966 τοῦ
1171 2911 1338 2982 Ἡφαίστου.
1365 2933 1409 2968 κε-

401 2991 540 3060 λευσόσης
556 2991 589 3046 δὲ
600 2987 688 3063 Ἥρας
704 2987 812 3051 όοπλος
824 2991 974 3065 προελθών
985 2994 1033 3049 ent
1045 2994 1096 3064 τήν
1106 2995 1218 3069 τάφρον
1229 3000 1407 3070 ἐπιφαίνεται

402 3081 463 3138 τοῖς
480 3080 641 3148 πολεμίοις,
663 3079 708 3130 καλ
722 3073 808 3130 αὐτόν
824 3075 1006 3139 έκπλατέντες
1022 3079 1192 3153 φεότουσιν,
1209 3087 1255 3137 καλ
1272 3083 1342 3138 κατό
1359 3083 1411 3153 τήν

400 3161 495 3236 φωνήν
512 3165 614 3217 πολλοὶ
627 3161 853 3235 διαφθείρονται.
877 3161 909 3217 τὸ
923 3163 954 3217 δὲ
966 3167 1017 3218 τοῦ
1030 3167 1197 3242 Πατρόκλου
1209 3172 1292 3241 σῶμα
1303 3169 1410 3226 διασά·

401 3264 500 3309 σαντες
510 3252 540 3302 οἱ
549 3245 737 3321 Μυρμιδόνες
745 3245 887 3301 λοόουσιν.
909 3243 1067 3320 Ἥφαιστος
1076 3253 1107 3308 τλλ
1117 3249 1238 3324 Ἀχιλλεῖ
1245 3258 1409 3311 πανοπλίαν

399 3330 605 3395 κατασκευάζει.

305 3459 341 3518 Τ.
385 3451 523 3541 μήνιδος
537 3447 732 3539 ἀπόρρησις.
1426 3475 1462 3536 19

370 3573 488 3631 Θέτιδος
504 3567 662 3642 κομισάσης
676 3567 796 3641 Ἀχιλλει
809 3569 843 3625 τό
861 3568 935 3627 όπλα
953 3576 1029 3650 παρό
1045 3577 1215 3651 Ηφαιστοο,
1240 3582 1408 3638 συνατατάν

399 3659 439 3717 είς
454 3658 604 3721 ἐκκλησίαν
618 3654 683 3716 τοὺς
696 3651 757 3709 Ἒλλ
763 3675 828 3722 ηνας
845 3658 860 3711 6
872 3657 946 3735 ήρως
957 3659 1120 3766 ἀπόρρησιν
1131 3673 1256 3721 ποιεῖται
1267 3670 1315 3735 τῆς
1325 3667 1408 3741 μήνι·

398 3742 462 3806 δας,
482 3743 528 3793 καλ
544 3737 682 3810 λαμβάνει
700 3739 733 3794 τό
751 3740 864 3817 δῶρα”
846 3763 918 3819 απερ
940 3745 1015 3818 αὐτῷ
1031 3745 1213 3854 Ἀραμέμνων
1229 3750 1367 3809 δόσειν“
1353 3775 1406 3809 υπ·

398 3828 506 3896 έσχετο.
537 3822 648 3899 τροφήν
670 3824 702 3878 δέ
721 3821 899 3900 άνελομένων
914 3831 1077 3888 ἐκείνων
1044 3835 1128 3896 αυτὸς
1143 3832 1243 3898 όσιτος
1259 3839 1407 3911 διαμείνας

399 3909 541 3973 ὀπλίζεται
558 3912 603 3962 καὶ
621 3908 754 3983 στρατιὰν
770 3909 862 3973 ἔξότει
879 3914 972 3968 έπλ
944 3934 996 3971 τον
1012 3915 1149 3992 πόλεμον.
1175 3920 1235 3978 όδλ
1247 3921 1340 3999 ἕτερος
1352 3941 1408 3980 ταν

398 3995 498 4049 λππων
514 3990 600 4047 αὐτοῦ
616 3990 730 4054 Ξάνθος
747 3994 797 4063 τήν
808 3997 992 4070 ἐσομένην
959 4005 1034 4072 αυτῷ
1045 3999 1190 4078 ἀναίρεσιν
1202 4010 1406 4082 καταμαντεύε-

400 4097 452 4141 ται,
467 4066 673 4149 ηιέπιττλήττει.

303 4204 336 4264 Y.
380 4195 559 4284 θεομαχία.
1419 4233 1460 4294 20

365 4319 436 4379 Διὸς
456 4321 661 4394 ἐπιτρέψαντος
676 4326 857 4400 κατέρχονται
871 4324 1063 4395 βοηθήσοντες
1080 4331 1109 4385 ολ
1124 4335 1190 4386 θεολ
1208 4332 1323 4399 πάντες,
1345 4341 1405 4397 τοῖς

395 4405 449 4474 μὲν
463 4399 620 4472 ΗΕλλησιν
614 4413 679 4481 Πρα
692 4427 722 4462 τε
739 4412 785 4463 καὶ
795 4409 899 4476 Ἀθηνᾶ
911 4415 958 4465 καλ
968 4416 1120 4471 Ποσειδων
1131 4421 1178 4471 καλ
1185 4413 1346 4490 Ἥφαιστος
1357 4426 1402 4474 καλ

393 4488 423 4543 Γ
414 4509 502 4566 ρμης
521 4497 580 4553 τοις
594 4493 626 4546 δλ
640 4497 752 4568 Τρωσίν
765 4491 917 4568 Ἀφροδίτη
929 4500 976 4551 καλ
990 4495 1141 4564 Ἀπόλλων,
1156 4502 1194 4555 ἔτι
1208 4503 1240 4556 δὲ
1252 4508 1297 4558 καλ
1312 4500 1402 4578 Ἀρτε-
