3148 5194
620 297 664 348 1³.
701 297 923 350 ΙΛΙΑΔΟΣΝ

217 455 329 536 τάχος
349 447 509 540 ἐδέδμητο
529 450 804 536 χθαμαλώτατον,
827 450 913 524 ἔνθα
933 453 1080 543 μάλιστα

220 555 370 644 ζαχρηεῖς
388 549 539 620 πίτνοντα
560 551 648 644 μάχη
671 551 768 644 σάτοί
787 581 824 625 τε
844 557 903 625 καὶ
924 559 1041 626 ἵπποι.

166 686 207 728 εοε
222 653 310 724 ἔνθα
333 655 369 726 δὲ
390 654 541 732 Βοιωτοὶ
563 655 620 723 καί
638 652 757 737 Ἰάονες
778 653 996 742 ἑλκεχίτωνες,

221 759 355 845 Λοκροί
377 755 435 826 καί
458 760 567 826 Φθῖοι
588 757 648 836 καί,
667 757 903 849 φαιδιμόεντες
920 757 1053 829 Ἐπειοί

221 863 354 951 σπουδῇ
375 860 581 928 ἐπαΐσσοντα
601 862 682 928 νεῶν
702 857 789 944 ἕχον,
813 857 891 930 οδδί
914 861 1049 930 δύναντο
1090 945 1092 950 ¹

222 955 307 1030 ὦσαι
331 959 402 1031 άπὸ
424 960 550 1052 σφείων
571 962 673 1052 φλυτί
693 960 841 1031 τείκελον
853 961 997 1053 Ἕκτορα
1019 966 1103 1045 δῖον,

222 1059 258 1130 οἳ
276 1063 333 1149 μὲν
354 1060 544 1154 Ἀθηναίων
564 1064 832 1154 προλελειμίνοι·
854 1065 888 1133 ἓν
910 1063 942 1134 δ’
964 1062 1028 1154 άρα
1048 1070 1156 1136 τοῖσιν

168 1197 209 1236 εεο
223 1158 294 1256 ἦρχ’
315 1162 386 1247 υίὸς
406 1173 541 1234 Πετεῶο
563 1167 770 1248 Μενεσθεύς,
795 1164 830 1236 όί
848 1164 880 1236 δ’
902 1165 960 1255 ἅμ’
984 1167 1105 1238 ἕποντο

223 1265 346 1349 Φείδας
366 1294 402 1336 τε
424 1267 559 1354 Στιχίος
578 1294 615 1336 τε
638 1268 725 1350 Βίας
744 1266 775 1337 τ’
798 1268 865 1349 ἑός·
889 1267 991 1360 αὐτάρ
1008 1267 1151 1338 Ἐπειῶν

223 1371 386 1462 Φυλεΐδης
405 1395 442 1438 τε
463 1369 585 1460 Μάνης
597 1367 750 1462 Ἀμφίων
769 1397 806 1440 τε
826 1369 975 1458 Δρακίος
995 1398 1041 1454 τε,

223 1473 291 1560 πρὸ
314 1470 433 1542 Φθίων
454 1471 492 1539 δὲ
512 1469 641 1540 Μίδων
661 1497 698 1540 τι
718 1471 963 1559 μενεπτόλεμός
983 1498 1020 1542 τε
1040 1473 1225 1564 Ποδάρκης.

222 1565 242 1660 ῆ
263 1597 318 1642 τοι
342 1571 439 1658 ὃμὲν
460 1571 565 1654 νόθος
586 1570 657 1654 υίὸς
675 1570 806 1665 Ὀιλῆος
825 1575 942 1646 θείοιο

166 1699 206 1741 ονε
221 1671 296 1742 ἔσκε
317 1674 453 1759 Μίδων,
475 1672 628 1756 Αἰἀντος
649 1673 821 1769 ἀδελφεός,
845 1675 947 1766 αίτάρ
968 1675 1074 1748 ἔναιεν
1131 1705 1134 1712 ’

221 1775 256 1844 ἐν
278 1777 424 1868 Φυλάκῃ,
446 1775 544 1868 ταίης
566 1774 637 1846 άπο
656 1778 835 1868 πατρίδος,
856 1776 960 1870 άνδρα
979 1780 1157 1862 κατακτάς,

220 1878 344 1946 ινωτδν
363 1882 523 1972 μητρυιῆς
541 1877 743 1970 Ἐριώπιδος
762 1875 802 1971 ῆν
823 1879 870 1966 ἔχ’
889 1879 1028 1965 Ὀιλεύς·

223 1977 326 2070 αότάρ
349 1977 369 2048 ὃ
389 1979 569 2074 Ριφίκλοιο
591 1982 676 2062 πάις
696 1990 756 2050 τοῦ
778 1981 979 2053 Φυλακίδαο.

223 2077 260 2149 οἳ
278 2082 337 2167 μὲν
358 2085 425 2172 πρό
449 2082 571 2154 Φθίων
592 2083 797 2170 μεταθίμων
816 2086 1063 2175 θωρηχθέντες,

170 2212 210 2252 ιοο
223 2186 346 2274 ναῦφιν
367 2182 578 2271 ἀμυνόμενοι,
601 2187 685 2271 μετὰ
708 2189 867 2254 Βοιωτῶν
887 2186 1063 2274 ἐμάχοντο·

222 2283 319 2366 Αίας
340 2283 371 2354 δ’
394 2285 506 2356 οόκίτι
531 2284 690 2372 πάμπαν,
710 2283 839 2376 Ὀιλῆος
859 2289 959 2371 ταχδς
980 2286 1064 2371 υἱός,

221 2385 333 2456 ἵστατ’
357 2384 419 2455 ἀπ’
440 2385 598 2469 Λίουιος
623 2387 846 2474 Τελαμωνίου,
869 2386 941 2458 οὐδ’
963 2387 1098 2482 ῆβοιόν,

223 2485 290 2555 ἀλλ’
314 2487 359 2572 δίς
379 2487 409 2556 τ’
434 2489 468 2558 ἐν
488 2493 567 2581 νειῷ
586 2490 647 2578 βόε
667 2488 806 2560 εοίνσπε
826 2491 953 2583 πηκτόν
975 2489 1127 2582 ίίρστρον,

221 2595 315 2660 τῖσον
335 2593 449 2678 θυμόν
469 2589 594 2675 ἔχοντε,
615 2589 810 2662 τιταίνετον·
832 2591 921 2686 άμφί
944 2592 977 2663 δ’
999 2593 1063 2684 ἷίρα
1084 2617 1165 2687 σφιν

169 2715 208 2756 ιω
224 2699 420 2783 πρυμνοῖσιν
441 2695 595 2782 κεράεσσι
616 2695 722 2776 πσλός
743 2692 915 2786 ἀνακηκίει
937 2694 1051 2788 ίδράς·

223 2794 269 2861 τιό
289 2794 351 2879 μέν
371 2821 408 2863 τε
431 2797 525 2878 ζυοδν
547 2788 620 2864 οἶον
641 2795 750 2878 ίόξοσν
772 2793 880 2888 άμφίς
901 2797 1029 2887 ἐτέρτει

222 2896 363 2982 τιεμίνω
384 2899 470 2966 κατά
490 2900 616 2978 τῶλκα,
638 2900 731 2983 τέμει
753 2897 793 2970 δί
811 2925 848 2968 τε
869 2900 985 2970 τέλσον
1005 2897 1161 2991 ἀρούρης·

223 2990 269 3079 ὦς
289 2999 336 3066 τά
357 3002 576 3087 παρβεβαῶτε
596 2995 675 3084 μάλ’
700 2997 842 3068 ἕστασαν
864 2998 1043 3092 άλλῆλοιιν.

225 3097 291 3168 ἀλλ’
313 3096 334 3190 ῆ
356 3127 410 3169 τοι
437 3098 673 3188 Τελαμωνιάδῃ
696 3100 819 3169 πολλοί
838 3127 876 3170 τε
897 3103 955 3170 καὶ
977 3102 1098 3174 ἐσθλοί

171 3229 211 3270 uo
224 3207 302 3276 λαοὶ
324 3203 446 3278 ἕπονθ’
470 3205 596 3291 ἕταροι,
620 3203 656 3269 σί
674 3225 732 3269 τοι
753 3199 857 3284 σάκος
878 3202 1066 3287 ἐξεδέχοντο

224 3307 357 3379 ὁππότε
377 3336 435 3396 μιν
456 3303 604 3391 κάματός
624 3328 661 3370 τε
681 3303 739 3370 καὶ
763 3297 862 3392 ίδρώς
882 3302 1026 3373 τοόναθ’
1048 3307 1169 3374 ἵκοιτο·

181 3403 184 3411 “
224 3409 298 3481 οὐδ’
322 3407 377 3502 ἄρ’
395 3408 546 3498 Ὀιλιάδη
569 3404 770 3496 μεταλῆτορι
793 3408 927 3495 Λοκροὶ
951 3405 1087 3476 ἕποιτο·

223 3510 261 3582 οὐ
282 3512 345 3601 τάρ
367 3537 430 3604 σφι
452 3507 572 3599 σταδίῃ
593 3504 714 3600 ὑσμίνη
735 3505 834 3595 μίμνε
855 3507 955 3599 φίλον
975 3511 1048 3601 κῆρ·

224 3611 262 3682 οδ
282 3615 346 3702 τδρ
369 3611 443 3700 ἕχον
462 3612 611 3703 κόρυθας
630 3608 812 3702 χαλκήρεας
834 3606 1074 3696 ἱπποδασείας,

171 3741 211 3782 τω
225 3713 297 3784 οὐδ’
319 3713 392 3800 ἔχον
414 3712 568 3794 άσπίδας
589 3710 763 3793 εάκάκλους
783 3715 842 3780 καί
863 3713 994 3798 μείλινα
1017 3715 1131 3800 δοῦρα,

226 3814 295 3886 ἀλλ’
318 3814 383 3907 δίρα
404 3816 552 3898 τόξοισιν
572 3815 631 3883 καί
654 3813 827 3906 ἐυστρεφεῖ
847 3811 917 3896 οἶός
939 3811 1036 3905 άοίτῳ

224 3918 340 3988 Βίλιον
362 3917 412 4000 εἷς
433 3915 492 4004 ἅμ’
516 3916 638 3986 ἕποντο
660 3915 885 3998 πεποιθότες,
909 3907 997 3985 οίσιν
1019 3914 1140 3985 ἔπειτα

223 4021 353 4111 ταρφέα
375 4020 550 4107 βάλλοντες
576 4016 695 4105 Τρώων
716 4016 873 4106 ῥῆσνυνισ
894 4015 1078 4107 φάλαννος.

220 4123 268 4212 ’δῆ
290 4127 333 4210 ῥα
354 4119 436 4191 τόθ’
459 4115 496 4187 οἳ
514 4117 575 4205 μὲν
597 4117 731 4207 πρόσθε
752 4119 810 4185 σὺν
832 4113 938 4187 ἔντεσι
962 4117 1190 4188 δαιδαλέοισιν

124 4269 126 4272 -
171 4251 211 4292 ινο
224 4224 386 4316 μάρναντο
412 4218 541 4310 Τρωσίν
561 4243 597 4285 τε
617 4217 676 4285 καί
689 4217 824 4305 Ἕκτορι
845 4221 1104 4309 χαλκοκορυστῇ,

224 4321 261 4395 δι’
280 4322 313 4394 δ’
337 4322 462 4394 όπιθεν
484 4321 660 4409 βάλλοντες
680 4318 871 4390 ἐλάνθανον.
896 4319 996 4394 ,οδδί
1015 4347 1050 4390 τι
1070 4319 1197 4413 χάρμης

229 4428 337 4520 Τρῶες
357 4423 596 4516 μιμνήσκοντο·
619 4420 821 4490 συνεκλόνεον
841 4413 904 4510 τδρ
927 4418 1045 4492 όιστοί.
