3116 5206
305 327 372 392 292
710 327 751 375 18.
788 323 1012 377 ιλικΔοεε

265 512 291 554 15
348 471 417 560 είος
439 473 461 546 δ
479 476 580 546 ταῦθ’
606 475 750 567 ὥρμαινε
770 478 857 546 κατά
878 478 983 569 φρένα
1003 479 1169 547 καὶκατὰ
1190 475 1315 562 θυμόν,

265 638 273 646 .
305 579 417 671 τόφρα
436 605 493 648 εοι
514 578 656 648 ένοόθεν
677 572 780 668 ἦλθεν
801 575 928 646 άταυοδ
950 579 1117 668 Νέστορος
1138 578 1210 661 υἱός

307 684 434 772 δάκρυα
456 682 568 770 θερμά
589 681 686 765 χέων,
710 681 800 772 φάτο
824 677 856 747 δ’
880 678 1034 773 άντελίην
1055 679 1231 774 άλενεινῆν.

300 779 356 850 ((ιῗί
376 809 450 869 μοι,
474 781 604 871 Πηλέος
624 779 676 849 υἱέ
699 782 893 871 δαΐφρονος,
917 777 938 873 ἦ
958 784 1051 869 μάλα
1072 787 1190 876 λοι-ρῆς

306 885 448 954 πεύσεαι
469 881 636 973 άννελίης,
659 877 681 973 ἣ
703 884 748 972 μῆ
771 879 898 971 άίφελλε
918 885 1091 954 τεκέσθαι.

266 1019 292 1058 το
306 993 414 1056 κεῖται
435 985 641 1070 Πάτροκλος,
664 986 776 1064 νέκυος
798 986 836 1052 δέ
858 986 898 1074 δῆ
922 982 1175 1077 ἀμφιμάχονται

303 1089 443 1175 νυμνοῦ·
467 1086 551 1175 άτάρ
572 1087 615 1154 τά
635 1112 674 1153 τε
695 1084 799 1171 τείχε’
821 1084 888 1170 ἔχει
910 1088 1134 1178 κορυθαίολος
1145 1086 1302 1176 ’Ἐκτιορ.”

348 1182 393 1271 ὦς
414 1189 517 1282 φάτο,
542 1189 599 1256 τόν
622 1185 654 1256 δ’
677 1185 771 1273 άχεος
793 1189 909 1281 νεφέλη
933 1191 1080 1280 ἐκάλυψε
1101 1193 1253 1278 μέλαινα,

307 1289 516 1382 άμφοτέρῃσι
539 1290 578 1358 δέ
598 1290 709 1379 χερσίν
729 1288 811 1358 ἑλών
833 1289 926 1358 κόνιν
948 1290 1180 1364 αἰθαλόεσσαν

305 1393 423 1477 χεύατο
444 1393 507 1460 κάκ
530 1393 688 1484 κεφαλῆς,
711 1391 822 1480 χαρίεν
844 1389 876 1458 δ’
899 1389 1018 1481 ᾔσχυνε
1039 1393 1238 1482 πρόσωπον·

267 1524 292 1565 κε
307 1494 467 1585 νεκταρέῳ
491 1495 528 1562 δέ
548 1495 664 1577 χιτῶνι
685 1491 815 1578 μέλαιν’
838 1490 1004 1585 άμφίζανε
1025 1496 1138 1588 τέφρη.

306 1593 406 1676 αδτδς
428 1594 460 1662 δ’
482 1595 516 1664 ἐν
537 1593 666 1686 κονίῃσι
686 1596 789 1682 μέν-ας
809 1598 998 1681 μετολωστί
1018 1599 1198 1678 τανυσθείς

306 1703 411 1780 κεῖτο,
435 1695 554 1789 φίλῃσι
577 1698 615 1763 δὲ
634 1697 727 1786 χερσί
748 1696 851 1786 κόμην
872 1694 990 1787 ᾔσχυνε
1013 1700 1150 1781 δαΐζων.Ι

307 1799 416 1884 δμιυαί
441 1796 481 1880 δ’,
506 1794 546 1878 Q·
568 1795 718 1881 Ἀχιλεός
739 1797 898 1889 ληίσσατο
920 1800 1116 1890 Πάτροκλός
1137 1829 1186 1884 τε,

306 1902 416 1986 θυμόν
437 1897 633 1990 άκηχέμεναι
654 1901 740 1985 μένα
761 1900 890 1984 είαχον,
914 1901 950 1970 ἐκ
974 1905 1012 1971 δέ
1033 1904 1158 1992 θύραζε

265 2037 292 2075 ιο
306 1999 447 2091 ἔδραμον
470 1997 556 2092 ἄμφ’
577 1998 716 2090 Ἀχιλῆα
739 2003 918 2091 δαΐφρονα,
940 2002 1031 2091 χερσί
1055 2005 1092 2071 δέ
1114 2007 1225 2074 πᾶσαι

305 2103 435 2195 σιῆθεα
456 2103 679 2192 πεπλῆνοντο,
702 2102 804 2172 λάθεν
826 2101 859 2170 δ’
880 2101 947 2170 δπδ
969 2111 1047 2172 νυῖα
1067 2106 1237 2196 εεκάστης.

304 2203 494 2290 Ἀντίλοχος
515 2201 546 2273 δ’
569 2203 730 2293 ἑτέρωθεν
753 2200 888 2293 όδάρετο
912 2203 1039 2292 δάκρυα
1060 2205 1191 2293 λείβων,

304 2311 415 2396 χεῖρας
436 2303 518 2388 έχων
540 2303 706 2395 Ἀχιλῆος·
730 2299 749 2372 δ
771 2305 808 2372 δὲ
829 2304 921 2374 στένε
943 2306 1125 2392 κυδάλιμον
1146 2312 1221 2400 κῆρ·

307 2406 413 2476 δείδιε
433 2410 496 2496 τὰρ
518 2408 564 2497 μῆ
586 2405 707 2492 λαιμὸν
729 2401 920 2494 άπαμῆσειε
935 2407 1079 2496 σιδήρῳ.

266 2539 292 2578 ιο
307 2509 506 2597 σμερδαλέον
528 2506 560 2575 δ’
583 2504 725 2596 ᾤμωξεν.
770 2503 891 2575 δίκονσε
914 2509 951 2576 δέ
973 2509 1095 2578 πότνια
1116 2512 1223 2602 μήτηρ

306 2607 407 2700 ῆμένη
430 2609 464 2678 έν
486 2609 664 2696 βένθεσσιν
685 2607 765 2687 άλδς
786 2609 880 2694 παρά
902 2612 1006 2696 πατρὶ
1027 2613 1170 2698 νέρονει,

305 2709 451 2779 κιόκυσέν
471 2707 502 2778 τ’
526 2707 579 2797 άρ’
602 2707 737 2778 ἔπειτα·
760 2709 843 2778 θεαὶ
866 2711 904 2779 δέ
923 2737 981 2796 μιν
1003 2709 1249 2804 άμφανέρονεο,

307 2813 419 2880 πᾶσαι
440 2809 519 2881 δσαι
542 2813 627 2878 κατά
648 2810 771 2898 βένθος
793 2808 873 2891 άλδς
894 2812 1059 2902 Νηρηίδες
1080 2810 1191 2905 ἦσακ

265 2947 292 2988 ιο
305 2921 370 2983 τῶν
392 2913 510 2983 δὲκαὶ
532 2909 697 3004 α’ρι-όφεον
719 2913 825 3001 πλῆτο
847 2914 963 2994 σπέος·
987 2911 1027 2982 οἳ
1046 2913 1077 2983 δ’
1100 2916 1170 3004 άμα
1193 2921 1299 2986 πᾶσαι

305 3015 437 3106 στήθεα
459 3015 682 3106 πεπλῆνοντο,
709 3015 807 3096 Θέτις
829 3013 861 3084 δ’
883 3015 996 3108 ἐξῆρχε
1016 3018 1122 3088 νόοιο.

301 3115 436 3203 ακλῦτε,
458 3120 655 3210 κασίννηται
677 3117 856 3209 Νηρηίδες,
880 3115 958 3210 ὄφρ’
982 3121 1017 3190 έδ
1039 3124 1148 3191 πᾶσαι

304 3219 427 3290 εείδιτ’
450 3219 634 3292 άκοόουσαι
657 3218 710 3290 δσ’
732 3220 803 3308 ἐμῷ
826 3218 874 3288 ένι
897 3220 1000 3309 κη’δεα
1022 3225 1131 3312 θυμῷ.

304 3319 332 3390 άί
353 3350 414 3408 μοι
436 3324 500 3392 ένο)
523 3323 629 3412 δειλή,
653 3317 681 3388 δι’
700 3346 761 3405 μοι
784 3321 1091 3408 δυσαριστοτόκεια,

264 3457 290 3496 ιε
306 3423 328 3514 ῆ
348 3422 380 3490 τ’
401 3425 477 3493 ἐπεὶ
500 3421 541 3512 δίρ
563 3424 657 3492 τέκον
679 3419 750 3489 υίδν
771 3419 922 3505 α’μόμονά
944 3447 980 3489 τε
1001 3425 1156 3515 κρατερόν
1177 3453 1227 3507 τε,

356 3611 388 3662 39
407 3610 468 3665 ἕνθ’
489 3607 535 3679 ἄρ’
556 3611 605 3676 έην
623 3606 730 3674 Γλαάκη
748 3627 776 3662 τε
797 3607 902 3664 Θάλειά
922 3629 950 3666 τε
969 3610 1122 3683 Κυμοδόκη
1141 3633 1182 3680 τε,

403 3701 514 3762 Νησαίη
533 3691 630 3748 Σπειώ
648 3712 677 3748 τε
697 3690 755 3758 Θόη
773 3693 807 3745 θ’
829 3691 904 3760 Ἀλίη
923 3713 950 3749 τε
967 3697 1086 3764 βοῶπις,

402 3777 544 3852 Κυμοθόη
561 3799 590 3834 τε
608 3781 654 3832 καὶ
675 3775 783 3844 Ἀκταίη
802 3781 847 3831 καὶ
865 3776 1031 3852 Λιμνώρεια

403 3867 449 3919 καὶ
468 3868 577 3932 Μελίτη
596 3867 642 3917 καὶ
662 3859 755 3936 Ἴαιρα
774 3865 820 3916 καὶ
840 3861 983 3936 Ἀμφιθόη
1001 3869 1047 3918 καὶ
1069 3863 1183 3937 Ἀναυῆ,

402 3946 489 4004 Δωτά
507 3969 534 4005 τε
552 3945 660 4021 Πρωτιό
677 3966 706 4002 τε
726 3945 859 4022 Φέρουσά
878 3967 907 4002 τε
925 3951 1075 4022 Δυναμένη
1093 3970 1122 4006 τε

403 4037 546 4107 Δεξαμένη
564 4055 593 4089 τε
611 4036 658 4088 καί
677 4031 837 4105 Ἀμφινόμη
856 4035 902 4086 καί
920 4032 1121 4106 Καλλιάνειρα,

352 4123 384 4173 45
403 4123 497 4193 Δωρίς
513 4124 559 4173 καὶ
577 4115 698 4183 Πανόπη
716 4121 762 4170 καὶ
780 4116 926 4185 ἀνακλειτὴ
947 4118 1096 4184 Γαλάτεια,

400 4199 548 4279 Νημερτής
564 4222 593 4258 τε
611 4205 657 4256 καὶ
674 4201 812 4274 Ἀψευδὴς
829 4207 876 4258 καὶ
893 4203 1128 4260 Καλλιεάνασσα·

400 4289 471 4346 ἔνθα
489 4287 516 4342 δ’
538 4289 586 4357 ἔην
603 4290 733 4360 Κλυμένη
752 4285 883 4362 Ὲιάνειρά
902 4307 930 4342 τε
948 4294 993 4343 καλ
1011 4288 1187 4354 Κλεάνασσα,

402 4380 503 4450 Μαῖρα
521 4377 567 4427 καὶ
582 4371 731 4448 Ὠρείθυια
748 4371 927 4446 έοπλόκαμός
943 4373 969 4428 τ’
992 4372 1143 4447 Ἀμάθεια,

400 4457 482 4512 ἄλλαι
499 4454 531 4512 θ’
549 4459 582 4512 αἳ
599 4455 667 4512 κατά
685 4461 789 4526 βένθος
806 4455 873 4519 άλδς
889 4459 1030 4532 Νηρηίδες
1048 4455 1127 4528 ἦσαν.
