3116 5206
529 305 531 308 ’
589 343 631 390 π.
668 339 852 392 muoz
869 340 895 388 κ
1221 333 1313 420 381,

183 485 267 579 θῆκ’
289 487 323 568 ἐς
344 486 457 558 άτῶνα
478 493 603 581 φέρων·
625 492 684 560 καί
705 489 736 582 ῥ’
763 491 877 577 ”μονες
898 487 1014 576 όνδρες
1035 485 1184 568 ἀνέσταν,

184 585 225 656 ίίν
245 589 306 673 μὲν
326 585 380 680 ἂρ’
402 591 573 685 Ἀτρεΐδης
594 592 669 683 εύρύ
690 592 806 684 κρείων
827 589 1053 677 Ἀταμέμνων,

95 728 99 739 1
128 709 145 722 '
187 686 228 758 όν
250 688 282 758 δ’
305 687 369 780 άρα
391 695 567 785 Μηριόνης
589 696 751 783 θεράπων
772 695 825 775 ἐύς
843 693 1035 782 Ἰδομενῆος.

183 799 272 861 τοῖσι
296 795 411 862 δὲκαὶ
433 798 610 881 μετέεειπε
631 796 801 886 ποδάρκης
823 798 895 876 δῖος
916 791 1083 876 Ἀχιλλεύς

130 893 372 986 εει“Ἀτρε”ίδη·
393 899 509 984 εἰδμεν
528 901 592 986 κάρ
614 897 694 968 ὅσον
715 897 923 988 προβέβηκας
944 893 1099 962 ἁπάντων

183 995 240 1088 ήδ’
262 996 362 1067 ὅσσον
385 999 504 1085 δυνάμι
525 1027 562 1068 τε
583 1001 640 1068 καὶ
662 997 787 1091 ἥμασιν
808 997 909 1067 ἔπλευ
931 993 1081 1086 δίριστος·

185 1098 268 1167 ἀλλὰ
290 1101 329 1168 σύ
350 1101 411 1184 μὲν
431 1099 504 1170 τόδ’
527 1100 651 1170 άεθλον
673 1101 754 1188 ἔχων
774 1103 889 1181 κοίλας
911 1100 971 1168 ἐπὶ
992 1100 1072 1186 νῆας

185 1199 290 1287 ἔρχευ,
314 1199 397 1289 άτάρ
420 1203 499 1289 δόρυ
521 1206 677 1296 Μηριόνῃ
700 1205 785 1295 ἥρωι
807 1203 974 1293 πόρωμεν,

185 1301 215 1370 εί
237 1302 277 1370 σύ
297 1328 335 1368 τε
357 1305 406 1392 σῷ
427 1307 529 1393 θυμῷ
550 1303 697 1386 ἐθέλοις·
719 1305 859 1389 κέλομαι
879 1305 942 1390 τδρ
964 1299 1028 1370 ἐκεί
1049 1297 1114 1368 fs?

132 1431 171 1472 εοε
228 1396 273 1484 ὥς
294 1401 401 1492 ἔφατ’,
426 1401 497 1472 οὐδ’
521 1403 675 1496 ἀπίθησε
696 1406 801 1488 εάναξ
821 1402 946 1493 ἀνδρῶν
966 1400 1189 1487 Ἀταμέμνων,

186 1507 271 1574 δῶκε
293 1505 330 1574 δὲ
352 1507 509 1598 Μηριόνη
533 1508 613 1597 δόρυ
635 1509 785 1592 χάλκεον·
808 1504 910 1594 αὐτὰρ
933 1502 1007 1574 ὅτ’
1028 1504 1115 1594 ήρως

192 1605 373 1697 Ταλθυβίῳ
395 1608 509 1696 κήρυκι
532 1607 617 1677 δίδω
639 1608 836 1698 περικαλλὲς
858 1604 990 1676 άεθλον.

132 1711 173 1772 24
228 1711 305 1777 λύτο
328 1707 360 1775 δ’
383 1705 485 1792 άπόν,
508 1712 583 1780 λαοὶ
606 1713 643 1779 δὲ
663 1713 739 1800 εεήν
761 1710 820 1779 ἐπὶ
841 1712 904 1799 νήα
924 1707 1083 1786 εέκαστος
1303 1710 1326 1760 Ω

185 1807 369 1878 ἐσκίδναντ’
390 1809 484 1880 ίέναι.
527 1813 582 1880 τοὶ
604 1811 664 1898 μὲν
686 1813 828 1902 δόρποιο
848 1811 985 1897 μέδοντο

186 1913 288 1980 ύπνου
309 1937 346 1979 τε
366 1915 524 2002 τλυκεροῦ
544 1914 766 2003 ταρπήμεναι·
790 1910 893 1997 αύτδρ
915 1908 1084 1992 Ἀχιλλεύς

187 2015 280 2080 κλαῖε
301 2011 402 2102 φίλου
424 2011 543 2100 ἑτάρου
565 2013 781 2102 μεμνημένος,
804 2010 880 2080 οὐδέ
901 2037 959 2096 μιν
979 2010 1084 2090 δπνος

160 2115 259 2203 τήρει
282 2115 524 2202 πανδαμάτωρ,
548 2111 622 2181 ἀλλ’
645 2111 810 2203 ἐστρέφετ’
834 2111 920 2180 ἔνθα
940 2113 998 2178 καί
1020 2109 1118 2191 ἔνθα,
1164 2151 1167 2158 ·

148 2241 173 2280 ιο
189 2211 300 2282 ἄλλοτ’
322 2214 381 2282 ἐπί
404 2217 548 2302 πλευράς
569 2214 817 2299 κατακείμενος,
841 2211 958 2280 άλλοτε
980 2210 1012 2280 δ’
1035 2207 1113 2280 αὖτε

187 2314 319 2397 ὕπτιος,
344 2313 459 2384 άλλοτε
481 2316 518 2384 δὲ
540 2314 678 2406 πρηνής·
700 2316 776 2384 τοτὲ
798 2313 829 2382 δ’
853 2311 958 2402 όρθός
980 2311 1123 2391 άναστάς

189 2415 348 2486 δινεύεσκ’
373 2415 481 2485 άλύων
502 2420 595 2506 παρά
617 2415 689 2486 θῖν’
713 2415 800 2498 ἁλός.
847 2415 924 2484 οόδέ
943 2443 1002 2501 μιν
1023 2413 1091 2505 ήεός

188 2520 370 2610 φαινομένη
393 2519 554 2609 λήθεσκεν
575 2517 674 2607 ύπείρ
696 2517 761 2586 άλα
781 2516 813 2585 τ’
833 2517 950 2609 ἠιόνας
969 2545 1019 2601 τε,

189 2617 259 2686 ἀλλ’
284 2619 354 2690 ὅτ’
378 2621 455 2690 ἐπεὶ
478 2622 617 2705 ζεύξειεν
637 2618 696 2712 ὑφ’
721 2619 863 2710 ἅρμασιν
885 2617 990 2701 ιόκέας
1011 2623 1154 2704 ἵππους,

149 2723 323 2813 ιεἝκτορα
346 2721 378 2791 δ’
400 2723 561 2793 ἕλκεσθαι
585 2721 768 2814 δησάσκετο
790 2722 910 2816 δίφρου
933 2720 1094 2806 όπισθεν,

187 2825 259 2910 τρίς
280 2823 316 2892 δ’
339 2825 457 2913 ἐρύσας
479 2827 557 2913 περί
580 2835 670 2916 σήμα
690 2827 924 2896 Μενοιτιάδαο
946 2826 1108 2905 θανόντος

190 2922 284 3006 αὖτις
305 2927 353 2995 ἐνὶ
376 2925 486 3016 κλισίῃ
511 2927 709 3009 παυέσκετο,
731 2930 788 2996 τδν
811 2930 848 2995 δέ
868 2926 899 2994 τ’
924 2925 1039 2995 ἔασκεν

85 3059 91 3067 ·
189 3028 223 3096 ἐν
244 3027 317 3094 κόνι
340 3026 517 3106 ἐκτανύσας
539 3029 738 3116 προπρηνέα.
782 3033 856 3094 τοῖο
878 3024 911 3092 δ’
934 3025 1107 3094 Ἀπόλλων

190 3131 303 3196 πᾶσαν
323 3125 489 3217 άεεικείην
510 3125 632 3210 άπεχεν
651 3128 736 3214 χροΐ,
759 3125 845 3216 φῶτ’
867 3125 1022 3215 ἐλεαίρων

149 3229 247 3297 εοκαὶ
267 3229 433 3319 τεθνηότα
455 3253 534 3317 περ·
557 3229 634 3317 περί
658 3227 690 3295 δ’
714 3226 822 3296 αίιίδι
845 3229 956 3296 πάντα
977 3229 1141 3298 κάλυπτεν

188 3330 334 3422 χρυσείη,
358 3333 412 3398 ἵνα
433 3331 479 3421 μή
501 3357 559 3417 μιν
580 3327 772 3422 ἀποδρύφοι
793 3327 1006 3413 ἑλκυστάζων.

235 3427 280 3514 τίς
303 3430 323 3502 ό
343 3432 404 3519 μὲν
417 3431 560 3524 Ἕκτορα
582 3435 652 3502 δῖον
673 3431 836 3515 αἐείκιζεν
856 3431 1046 3518 μενεαίνων·

189 3537 246 3606 τόν
269 3535 301 3605 δ’
323 3534 529 3627 ἐλεαίρεσκον
548 3537 695 3626 μάκαρες
716 3539 795 3605 θεοὶ
818 3533 1044 3625 εἰσορόωντες,

191 3643 316 3730 κλέψαι
339 3637 372 3707 δ’
396 3636 588 3728 ὀτρύνεσκον
609 3640 773 3708 ἐύσκοπον
795 3637 1019 3730 άρνεϊφόντην.

152 3765 178 3804 τε
192 3737 263 3807 ἐνθ’
288 3738 403 3820 άλλοις
422 3743 483 3826 μὲν
506 3745 610 3810 πᾶσιν
631 3743 814 3832 ἐτήνδανεν,
839 3739 918 3810 ούδό
939 3741 1025 3810 ποθ’
1040 3739 1127 3835 Ἥρη

193 3835 270 3905 οὐδὲ
291 3841 500 3909 Ποσειδάων’
522 3842 599 3912 οὐδὲ
619 3844 833 3912 τλαυκιόπιδι
853 3845 968 3935 κούρη,

194 3935 266 4006 ἄλλ’
288 3939 360 4026 ἕχον
381 3941 425 4021 δίς
446 3965 528 4032 σφιν
550 3947 688 4033 πρῶτον·
701 3943 877 4034 άπήχθετο
900 3945 1012 4026 Γίλιος
1033 3944 1087 4037 ίρή

278 4121 379 4128 ...on—*-
399 4123 406 4128 ι
425 4124 433 4128 -
452 4123 493 4131 --.

262 4206 278 4256 6
295 4201 460 4276 Πατρόκλου
478 4209 594 4261 ποθέων
610 4203 727 4280 άρετήτά
746 4226 774 4262 τε
791 4209 837 4260 καὶ
853 4209 939 4278 μένος
957 4205 990 4276 ήύ

293 4285 340 4355 ἠδ’
359 4285 456 4344 δπόσα
474 4287 628 4344 τολύπευσε
647 4291 699 4346 σὺν
716 4289 790 4362 αύτῷ
807 4295 854 4346 καὶ
872 4290 966 4349 πάθεν
982 4291 1081 4362 άλνειι,

294 4371 406 4447 ἀνδρῶν
422 4391 452 4428 τε
470 4377 630 4446 πτολέμους
646 4371 772 4432 άλεκεινά
790 4396 819 4432 τε
836 4373 945 4450 κύματα
963 4385 1077 4450 πείρων.

294 4461 351 4514 τιδν
366 4457 596 4531 μιμνησκόμενος
614 4459 736 4535 θαλερὸν
752 4462 822 4516 κατὰ
841 4461 964 4535 δάκρυον
981 4465 1064 4533 είβεν,
