3116 5206
596 341 636 392 18.
668 340 891 394 ΙΔΙΑΔΟΣΣ

191 489 300 561 ἔκταν’
322 491 370 561 ἐνί
392 493 598 582 προμάχοισι
618 496 678 563 καὶ
690 491 824 586 Ἕκτορι
844 495 945 576 κῦδος
965 491 1096 564 ἔδωκεν.

190 593 327 662 τούνεκα
348 596 403 663 νῦν
423 597 466 664 τά
487 597 530 665 σὰ
550 593 690 666 τούναθ’
714 593 885 682 ἱκάνομαι,
908 593 944 666 εἴ
962 594 995 665 κ’
1016 598 1194 687 ἐθέλῃσθα

191 691 257 763 υἱεῖ
277 694 346 786 ἐμῷ
367 693 526 787 ὠκυμόρῳ
548 697 646 784 δόμεν
668 695 799 767 ἀσπίδα
819 699 879 767 καί
899 699 1100 790 τρυφάλειαν

192 797 250 864 καί
271 798 375 877 καλάς
395 800 568 887 κνημῖδας,
591 798 853 893 ἐπισφυρίοις’
831 799 1003 892 αραρυίας,

136 927 177 968 ιω
191 900 250 969 καὶ
271 898 412 1003 θώρηχ’·
405 898 515 970 6
474 929 537 992 ιαρ
558 897 597 994 ἦν
616 930 686 986 τοι,
711 901 864 972 ἀπώλεσε
886 905 1009 987 πιστὸς
1029 903 1159 997 ἑταῖρος

197 999 307 1092 Τρωσί
330 1002 456 1089 δαμείς.
501 997 520 1072 ‘6
543 1005 581 1074 δέ
602 1011 711 1075 κεῖται
733 1007 793 1074 ἐπί
814 1007 915 1089 χθονὶ
936 1005 1092 1093 θυμδν’
1069 1007 1220 1094 αχεύων.’

232 1103 347 1196 τήνδ’
367 1104 514 1197 ἠμείβετ’
538 1104 658 1176 ἐπειτα
679 1111 875 1197 περικλυτός
897 1106 1100 1200 ἀμφιτυύεις

186 1205 352 1297 “θάρσει·
374 1210 421 1300 μή
442 1236 497 1278 τοι
517 1214 623 1280 ταῦτα
643 1213 728 1299 μετὰ
749 1212 848 1304 φρεσί
871 1213 949 1305 σῇσι
970 1213 1140 1298 μελόντων.

192 1309 223 1379 εί
243 1313 306 1402 ιάρ
328 1339 387 1398 μιν
398 1313 558 1382 θανάτου
581 1315 757 1406 δυσεηχέος
777 1309 845 1384 ὦδε
866 1313 1025 1404 δυναίμην

138 1439 179 1479 ιω
193 1413 311 1538 νόσφιν
334 1411 547 1544 ἀποκρύψαι,
571 1416 628 1486 ὅτε
648 1443 707 1503 μιν
726 1418 829 1509 μόρος
851 1415 943 1498 αι’νδς
965 1413 1087 1498 ἱκάνοι,

193 1513 240 1596 αίς
260 1541 315 1585 τοι
336 1518 452 1604 τεύχεα
472 1521 559 1587 καλαὶ
581 1519 800 1607 παρέσσεται,
824 1511 881 1586 οἷό
902 1545 955 1600 τις
976 1513 1055 1586 αὖτε

192 1614 381 1708 ἀνθρώπων
402 1620 531 1690 πολέων
551 1619 837 1708 θαυμάσσεται,“
825 1620 863 1701 ός
882 1647 920 1688 κε
940 1617 1104 1711 stoma?

236 1710 281 1800 ὦς
302 1721 429 1788 εειπών
449 1723 508 1848 την
528 1723 588 1809 μέν
608 1723 705 1792 λίπεν
727 1720 841 1804 αὐτοῦ,
863 1725 909 1812 βῆ
931 1719 1002 1790 δ’ἐ
1003 1722 1046 1790 πὶ
1068 1722 1189 1813 φύσας,

191 1822 251 1902 τὰς
273 1819 305 1888 6³
327 1822 362 1903 ἐς
382 1825 448 1912 πῦρ
470 1821 590 1914 ἐτρεψε
610 1823 742 1894 κέλευσέ
761 1849 798 1892 τε
817 1823 1052 1912 τερτάζεσθαι.

139 1949 180 1987 ιω
194 1944 299 2012 φυσαι
321 1921 354 1991 6³
375 1921 410 1992 ἐν
429 1926 598 2008 χοάνοισιν
618 1925 763 1994 ἐτείκοσι
785 1928 895 1994 πᾶσαν
917 1923 1062 2016 ἐφύσων,

193 2023 353 2115 παντοίην
373 2025 557 2117 ἐύπρηστον
578 2025 705 2117 ἀυτμήν
725 2028 921 2109 ἐξανιεῖσαι,

192 2121 309 2194 ἀλλοτε
329 2126 390 2212 μέν
411 2127 590 2198 σπεύδοντι
611 2129 818 2218 παρέμμεναι
841 2124 960 2195 ἀλλοτε
981 2123 1013 2194 δ’
1037 2122 1132 2208 αὖτε,

196 2223 318 2308 δ’ππως
329 2225 522 2320 Ἥφαιστός
542 2229 573 2297 τ’
596 2229 711 2299 ἐθέλοι
732 2229 791 2297 καί
812 2229 927 2318 πέρι-ον
950 2223 1072 2296 ἀνοιτο.

190 2328 310 2410 χαλκὸν
332 2326 365 2396 δ’
385 2329 420 2398 ἐν
441 2332 523 2421 πυρί
544 2331 664 2417 βάλλεν
685 2327 820 2421 ἀτειρέα
841 2327 1036 2418 κασσίτερόν
1056 2354 1093 2396 τε

138 2455 177 2496 ιιι
191 2428 250 2496 καὶ
269 2431 388 2518 χρυσὸν
407 2435 548 2522 τιμῆντα
569 2432 627 2501 καί
649 2430 802 2522 ἀρτυρον·
825 2429 927 2520 αύτάρ
948 2427 1069 2498 ἐπειτα

191 2532 296 2620 θῆκεν
316 2531 351 2600 ἐν
371 2529 550 2626 ἀκμοθέτῳ
570 2531 718 2622 ww
695 2561 835 2620 ακμονα,
857 2533 953 2604 ιέντο
975 2532 1013 2600 δέ
1032 2530 1120 2621 χειρί

193 2639 355 2758 ραιστηρα
376 2635 545 2763 κρατερήν,
569 2635 704 2762 ἑτέρηφι
727 2637 766 2705 δέ
786 2637 891 2706 τέντο
904 2635 1081 2725 πυρόνρην.

235 2734 328 2804 ποίει
351 2736 388 2804 δέ
409 2739 581 2827 πρώτιστα
603 2739 705 2819 σάκος
725 2737 811 2864 μέτα
831 2765 867 2806 τε
890 2735 1048 2824 στιβαρόν
1068 2762 1104 2803 τε

154 2833 338 2906 ιπάντοσε
360 2839 560 2922 δαιδάλλων,
583 2837 755 2928 περὶδΗ
741 2837 862 2907 άντυνα
883 2840 985 2925 βάλλε
1006 2838 1144 2928 φαεινήν

136 2967 177 3006 ιεο
190 2936 357 3027 τρίπλακα
377 2941 578 3030 μαρμαρέην,
602 2941 639 3008 ἐκ
661 2937 737 3007 6³³
716 2940 872 3027 αρτόρεον
891 2941 1071 3023 τελαμῶνα.

190 3039 290 3108 πέντε
311 3037 344 3107 δ’
367 3038 421 3130 ἀρ’
443 3039 545 3110 αὐτοῦ
566 3039 645 3109 ἐσαν
666 3040 785 3119 σάκεος
806 3040 939 3123 πτύχες·
962 3037 1064 3125 αὐτὰρ
1086 3040 1121 3107 ἐν
1142 3036 1231 3129 αύτῷ

190 3139 286 3210 ποίει
308 3139 455 3210 δαίδαλα
476 3143 587 3210 πολλὰ
608 3139 778 3231 ειδυίησιν
799 3139 1037 3228 πραπίδεσσιν.

232 3243 267 3314 ἐν
287 3243 347 3329 μέν
366 3249 465 3312 ταῖαν
486 3240 600 3324 ἔτευξ’,
623 3241 659 3311 ἐν
679 3239 712 3309 δ’
736 3239 942 3333 οδρανόν,ἐν
964 3241 1001 3310 δέ
1022 3242 1201 3311 θάλασσαν

188 3341 352 3435 ελιόν
319 3371 339 3413 τ
373 3342 546 3432 ἀκάμαντα
567 3344 726 3470 σελήνην
723 3369 760 3411 τε
781 3343 993 3434 πλήθουσαν,

135 3477 174 3516 ιω
189 3445 222 3515 ἐν
244 3447 282 3516 δέ
303 3449 346 3516 τὰ
367 3445 477 3575 τείρεα
498 3447 672 3516 πάντατά
692 3443 726 3514 τ
749 3442 886 3536 ούρανδς
908 3443 1151 3538 ἐστεφάνωται,

189 3551 366 3640 Πληιάδας
387 3548 427 3620 θ’
445 3550 569 3632 Ὑάδας
588 3577 625 3618 τε
645 3549 686 3618 τό
708 3573 745 3616 τε
766 3547 889 3630 σθένος
907 3545 1062 3636 Ὠρίωνος

190 3677 309 3739 αρκτον
329 3649 379 3732 θ
404 3647 444 3742 ἣν
466 3654 523 3721 καί
546 3625 676 3739 ἀμαξαν
697 3650 874 3741 ἐπίκλησιν
895 3651 1081 3733 καλέουσιν,

189 3748 211 3835 6
232 3749 263 3817 τ’
286 3750 386 3821 αι’τοῦ
408 3756 586 3845 στρέφεται
608 3754 667 3823 καί
687 3780 707 3821 τ
711 3750 879 3843 ’Ὠρίωνα
901 3753 1044 3836 δοκεύει,

191 3875 243 3939 sm)
267 3849 345 3918 6³³
323 3855 472 3942 αμμορός
493 3857 565 3925 ἐστι
587 3858 728 3946 λοετρῶν
745 3853 923 3924 Ὠκεανοῖο.

136 3985 176 4023 ωυ
232 3950 267 4019 ἐν
289 3951 326 4019 δέ
349 3955 417 4021 δύω
438 3954 561 4046 ποίησε
582 3957 684 4036 πόλις
705 3955 861 4044 μερόπων
881 3953 1072 4044 ἀνθρώπων

127 4072 133 4088 ·
188 4051 300 4135 καλάς.
344 4053 379 4126 ἐν
399 4081 439 4146 τη
460 4057 522 4142 μέν
543 4065 585 4144 δα
604 4058 709 4144 τάμοι
728 4054 759 4123 τ’
782 4054 862 4125 ἐσαν
883 4055 1054 4128 εἰλαπίναι
1075 4086 1127 4140 τε,

186 4155 317 4248 νύμφας
338 4154 370 4224 6³
393 4155 431 4226 ἐκ
451 4159 616 4244 θαλάμων
638 4159 765 4227 δαίδων
785 4156 853 4228 ὕπο
874 4161 1116 4246 λαμπομενάων

185 4256 313 4348 ἠιίνευν
335 4254 397 4328 ἀντὶ
417 4258 537 4343 seim,
559 4261 664 4341 πολύς
685 4256 717 4326 δ’
738 4258 894 4346 ὑμέναιος
916 4260 1065 4355 δρύρειν,

185 4361 300 4448 κοῦροι
323 4357 357 4429 δ’
379 4357 574 4452 ὀρχηστῆρες
594 4361 729 4446 ἐδίνεον,
752 4363 786 4433 ἐν
808 4361 839 4434 δ’
863 4361 928 4457 ἀρα
949 4373 1057 4436 τοῖσιν

132 4485 172 4526 ιεε
188 4458 282 4530 αύλοί
304 4461 486 4553 φόρμιιτές
506 4491 543 4534 τε
564 4467 648 4555 βοήν
669 4462 759 4547 έχον·
782 4461 819 4534 αῖ
841 4467 879 4535 66
899 4474 1049 4548 τυναῖκες
