3116 5206
567 347 609 398 ιε.
640 343 867 398 ΙΛΙΑΔΟΣΣ
1203 345 1269 413 305

109 525 150 567 ιεε
163 499 199 568 ἐν
220 495 254 567 δ’
276 496 357 589 ἔρις,
380 498 414 568 ἐν
435 497 473 568 δί
494 499 655 584 κυδοιμὸς
676 495 821 584 ὁμίλεον,
844 496 878 568 ἐν
899 497 932 566 δ’
954 495 1032 589 όλοη
1054 499 1116 590 κῇρ

163 597 262 668 ἀλλον
284 599 368 681 ζωόν
388 596 511 686 ἔχουσα
531 602 715 686 νεούτατον,
736 601 837 672 ἀλλον
857 599 990 684 ἀσυτον,

163 697 458 792 ἀλλοντεθνηῶτα
479 704 564 771 κατὰ
585 705 698 791 μόθον
718 705 792 774 έλκε
813 707 963 774 ποδοῖιν·

162 809 261 891 νεῖμα
283 801 315 873 δ’
337 801 385 888 ἔχ’
408 801 494 896 ἀμφ’
515 803 640 891 ἀίμοιοι
663 808 842 898 δαφοινεὸν
863 809 982 892 αἵματι
1003 813 1132 896 φωτιῖν.

163 903 303 1032 ιόμίλεην
326 901 367 973 δ’·
383 903 427 988 τίς
446 931 484 976 τε
506 907 584 990 ζωοί
605 907 737 998 βροτοί,
759 905 821 998 ἠδὲ
840 907 995 993 μάχοντο,

108 1036 149 1078 οιο
163 1007 295 1098 νεκρούς
315 1004 345 1075 τ’
370 1004 517 1100 ἀλλήλοιν
537 1008 652 1103 τέρυον
672 1012 956 1100 κατατεθνηῶτας.

138 1109 240 1179 ἐν
262 1106 296 1176 δ
318 1108 416 1201 ἐτίθη
439 1113 526 1180 νειδν
546 1111 709 1201 μαλακήν,
679 1109 868 1200 νπίειραν
889 1106 1045 1236 άρουραν,

131 1183 290 1302 εύρεῖαν
309 1209 483 1300 τρίπολον·
505 1213 628 1282 πολλοὶ
650 1209 683 1279 δ’
706 1209 863 1303 ἀροτῆρες
883 1208 979 1280 ἐν’
940 1214 1022 1303 αυτῇ

164 1314 278 1397 ζεύτεα
300 1313 482 1396 δινεύοντες
502 1313 674 1404 ἐλάστρεον
696 1310 781 1382 ἔνθα
801 1315 860 1383 καὶ
882 1309 977 1384 ε’νθα.

164 1441 198 1484 οι
192 1411 253 1485 δ’
276 1411 382 1484 ὁπότε
404 1411 634 1505 στρέψαντες(
623 1415 754 1485 ικοίατο
775 1412 935 1485 τίλσον’
913 1415 1066 1507 αρούρης,

109 1544 149 1586 ειε
162 1522 253 1586 τοῖσι
276 1513 438 1610 δ’,ίπειά
461 1516 496 1585 ἐν
515 1520 608 1606 χερσί
629 1516 736 1598 δέπας
755 1518 950 1608 μελιτηδέος
970 1515 1060 1586 οῖνου

162 1619 280 1690 δόσκεν
301 1615 380 1709 ἀνῇρ
402 1617 523 1688 ἐπιών·
543 1620 599 1690 τοὶ
621 1619 658 1688 δὲ
680 1621 890 1711 στρέψασκον
911 1615 963 1686 ἀν’
986 1615 1122 1706 ότμους,

161 1721 307 1810 τιέμενοι
328 1727 432 1791 νειοῖο
453 1719 597 1813 βαθείης
617 1723 733 1792 τέλσον
754 1720 902 1792 ἱκέσθαι.

161 1817 183 1914 ἢ
207 1824 245 1893 δέ
265 1819 428 1909 μελαίνετ’
450 1820 610 1906 όπισθεν,
634 1821 817 1917 ἀρηρομένῃ
840 1825 877 1892 δέ
898 1822 1057 1914 τενηίκειν

162 1923 294 2017 χρυσείη
317 1951 381 2016 περ
402 1923 518 1994 ἐοῦσα·
538 1927 579 1996 τὸ
600 1929 640 2017 δὴ
664 1927 742 2016 περί
764 1929 884 2012 θαῦμα
905 1926 1050 1994 τέτυκτο.

107 2055 150 2097 εει
206 2024 292 2104 ἐνθ’
315 2022 413 2116 ἐτίθη
434 2027 568 2113 τέμενος
589 2028 778 2118 βασιλήιον·
802 2025 887 2095 ἔνθα
909 2024 943 2094 δ’
965 2023 1083 2115 ἔριθοι

162 2124 254 2219 ἤμων
275 2124 387 2212 ὀξείας
409 2129 575 2216 δρεπάνας
597 2128 630 2197 ἐν
650 2129 759 2217 χερσίν
781 2126 922 2213 ἔχοντες,

163 2229 338 2318 δράτματα
361 2227 391 2298 δ’
415 2227 499 2300 άλλα
519 2227 592 2316 μετ’
615 2225 716 2316 ότμον
737 2229 906 2319 ἐπήτριμα
927 2235 1055 2299 πῖπτον
1075 2227 1182 2318 ἔραζε,

164 2329 248 2402 ἀλλα
270 2329 303 2400 δ’
326 2328 589 2422 ἀμαλλοδετῆρες
609 2332 643 2401 ἐν
664 2331 866 2401 ἐλλεδανοῖσι
891 2333 1015 2400 δέοντο.

162 2439 250 2524 τρεῖς
272 2429 306 2502 δ’
328 2430 384 2523 ἀρ’
406 2431 668 2524 ἀμαλλοδετῆρες
688 2433 890 2525 ἐφέστασαν·
913 2431 1015 2522 αύτάρ
1038 2429 1186 2502 όπισθεν

108 2565 149 2607 τεο
164 2538 285 2618 παῖδες
306 2536 550 2626 δρατμεύοντες,
574 2535 608 2605 ἐν
630 2533 845 2604 άτκαλίδεσσι
867 2536 1034 2626 φέροντες,
1302 2523 1310 2542 ’

162 2635 326 2728 ἀσπερχὲς
347 2639 499 2727 πάρεχον.
543 2639 700 2725 βασιλεύς
722 2635 754 2705 δ’
777 2638 810 2707 ἐν
830 2643 919 2706 τοῖσι
942 2639 1057 2728 σιωπῇ

160 2743 328 2831 σκῆπτρον
349 2737 432 2826 ἔχων
453 2739 584 2832 ἑστήκει
605 2736 664 2808 ἐπ’
686 2735 789 2825 ότμου
810 2739 995 2831 τηθόσυνος
1016 2741 1086 2828 κῇρ.

160 2843 295 2934 κήρυκες
316 2840 349 2910 δ’
371 2840 563 2912 ἀπάνευθεν
583 2841 651 2913 ύπδ
674 2845 751 2931 δρυῖ
771 2845 871 2911 δαῖτα
892 2841 1046 2922 πένοντο,

162 2948 243 3034 βούν
265 2942 297 3013 δ’
320 2941 520 3032 ῖερεύσαντες
541 2946 644 3029 μέν-αν
666 2943 837 3034 άμφεπον·
860 2939 895 3010 αῖ
919 2944 956 3010 δί
976 2947 1126 3021 τυνοῖκες

109 3077 150 3120 εει
165 3051 297 3117 δεῖπνον
318 3043 486 3134 ἐρίθοισιν
507 3041 593 3112 λεύκ’
618 3040 745 3134 ἀλφιτα
766 3045 876 3110 πολλὰ
899 3042 1051 3110 πάλυνον.

204 3149 238 3219 ἐν
260 3146 292 3217 δ’
316 3145 415 3236 ἐτίθη
437 3147 626 3236 σταφυλῇσι
647 3144 732 3230 μέτα
752 3142 939 3230 βρίθουσαν
961 3140 1068 3232 ἀλωήν

160 3251 263 3378 καλῇν
283 3245 448 3338 χρυσείην·
470 3247 607 3333 μέλανες
628 3243 662 3313 δ
685 3241 747 3313 ἀνά
768 3239 943 3370 βότρυες
923 3267 1019 3333 ηααν,

162 3351 293 3445 ἑστήκει
316 3350 354 3420 δέ
376 3349 501 3437 κάμαξι
523 3343 749 3438 διαμπερές’
727 3346 928 3437 αρτυρίησιν.

162 3453 253 3548 ἀμφί
275 3453 313 3524 δέ
333 3452 468 3580 κυανέην
488 3451 648 3534 κάπετον,
671 3451 750 3539 περί
772 3447 803 3518 δ’
827 3447 919 3537 ἕρκος
941 3444 1078 3517 ἔλασσεν

108 3589 149 3631 εει
162 3556 374 3645 κασσιτέρου·
396 3553 460 3641 μία
481 3552 514 3622 δ’
537 3551 591 3645 οίη
615 3551 800 3644 ἀταρπιτὸς
816 3544 876 3678 ῇεν
897 3547 994 3631 ἐς’
953 3550 1067 3640 αοτὴν,

163 3662 204 3750 τῇ
226 3658 377 3728 νίσσοντο
399 3665 521 3750 φορῆες
543 3656 599 3726 ότε
617 3655 781 3747 τρυτόφεν
803 3651 923 3742 ἀλωήν.

163 3761 369 3850 παρθενικαί
392 3760 430 3830 δε
450 3759 508 3827 καὶ
530 3755 646 3848 ηίθεοι
668 3754 776 3825 ἀταλὰ
798 3755 990 3847 φρονέοντες

164 3864 317 3944 πλεκτοῖς
338 3862 372 3932 ἐν
391 3862 568 3951 ταλάροισι
590 3860 691 3952 φέρον
711 3857 890 3948 μελινηδέα
910 3855 1048 3945 καρπόν.

162 3969 271 4035 τοῖσιν
292 3961 325 4032 δ’
347 3960 381 4033 ἐν
401 3963 555 4050 μέσσοισι
578 3962 660 4042 πάις
682 3961 845 4051 φόρμιττι
867 3957 975 4048 λιτείη

108 4094 149 4136 ετο
164 4063 293 4156 ίμερόεν
315 4065 486 4155 κιθάριζε,
509 4063 599 4134 λίνον
621 4061 654 4132 δ’
676 4061 745 4130 ύπδ
767 4063 868 4129 καλόν
889 4055 1000 4128 ἀειδεν

162 4167 324 4260 λεπταλέη
346 4169 455 4261 φωνῇ·
477 4166 531 4235 τοί
554 4166 592 4234 δι’
612 4165 788 4256 ῥήσσοντες
810 4158 941 4251 ὁμαρτῇ

161 4272 276 4362 μολπῇ
297 4269 328 4339 τ’
353 4269 459 4362 ῖυτμῷ
479 4295 516 4338 τε
538 4266 621 4336 ποσὶ
642 4263 829 4354 σκαίροντες
852 4263 984 4332 ἕποντο.

205 4372 240 4442 ἐν
261 4369 295 4441 δ’
316 4369 435 4464 ἀτέλην
457 4367 579 4460 ποίησε
600 4375 690 4454 βοοῖν
710 4363 972 4456 ὀρθοκραιράων.

164 4471 199 4543 αλ
222 4474 260 4544 δέ
281 4474 361 4562 βόες
380 4478 515 4566 χρυσοῖο
534 4470 707 4554 τετεύχατο
728 4467 928 4556 κασσιτέρου
949 4491 1001 4548 τε,

1037 4571 1072 4621 20
