3148 5194
634 313 676 362 1⁷.
714 308 934 363 ΙΑΙΛΔΟΣΡ

174 487 216 532 ιιι
272 463 379 534 ἵπποι
402 459 435 532 δ’
458 460 635 536 Αίοικίδαο
655 464 762 558 μάχης
783 461 973 534 ἀπάνευθεν
993 461 1101 545 ἐόντες

230 567 361 651 κλαῖον,
383 567 460 636 ἐπεὶ
482 568 522 658 δή
546 570 663 659 πρῶτα
684 569 862 660 πυθέσθην
883 567 1034 659 ἡνιόχοιο

229 669 265 739 ἐν
285 667 418 761 κονίῃσι
439 668 602 752 πεσόντος
624 669 681 763 ὐφ’
696 671 856 762 Ἕκτορος
878 667 1104 762 ἀνδροφόνοιο.

228 765 250 863 ή
271 772 335 861 μήν
355 769 564 859 Αὐτομέδων
586 775 737 865 Διώρεος
758 771 897 860 ἀλκιμος
917 771 990 854 υίύς

175 901 216 942 ιεο
230 877 341 946 πολλοὶ
361 876 422 963 μέν
444 873 486 967 ἀρ
508 877 649 964 μάστιτι
670 879 741 968 θοῇ
762 874 942 962 ἐπεμαίετο
961 873 1099 960 θείνων,

230 981 340 1048 πολλά
362 979 400 1047 δέ
420 978 620 1065 μειλιχίοισι
641 978 828 1070 προσηύδα,
852 977 962 1046 πολλοὶ
984 975 1017 1046 δ’
1039 976 1148 1070 ἀρειῇ·

228 1083 276 1150 τά
298 1079 331 1151 δ’
354 1077 425 1150 οὐτ’
447 1077 501 1167 ἀφ
522 1081 582 1151 ἐπί
603 1087 682 1174 νῆας
703 1083 763 1153 ἐπὶ
785 1083 913 1151 πλατύν
931 1079 1172 1172 Ἑλλήσποντον

228 1181 388 1275 ήθελέτην
410 1182 493 1254 ἰέναι
515 1181 584 1254 οὐτ’
607 1185 642 1268 ἐς
662 1185 812 1272 πόλεμον
832 1182 903 1270 μετ’
925 1183 1093 1268 Ἀχαιούς,

231 1283 300 1356 ἀλλ’
322 1284 368 1369 δίς
388 1311 424 1354 τε
446 1287 547 1378 στήλη
569 1286 660 1372 μένει
682 1284 840 1374 ἔμπεδον,
864 1286 886 1378 ή
906 1285 937 1355 τ’
961 1287 1021 1356 ἐπί
1041 1286 1156 1378 τύμβῳ

174 1419 216 1461 ιεε
230 1388 343 1482 ἀνέρος
364 1387 484 1482 ἐστήκη
507 1389 688 1481 τεθνηότος
709 1386 749 1480 ήέ
768 1388 939 1472 τυναικύς,

229 1484 275 1574 ὦς
295 1492 391 1580 μένον
412 1489 588 1584 ἀσφαλέως
609 1490 809 1582 περικαλλέα
831 1490 952 1582 δίφρον
974 1487 1112 1575 ἔχοντες,

229 1591 321 1662 ούδει
343 1593 582 1684 ἐνισκίμψαντε
603 1593 761 1685 καρήατα.
807 1593 933 1685 δάκρυα
956 1593 996 1662 δέ
1018 1617 1099 1685 σφιν

227 1697 339 1785 θερμά
360 1698 445 1764 κατὰ
464 1695 640 1789 βλεφάρων
659 1697 805 1784 χαμάδις
827 1696 880 1786 ῥέε
899 1695 1135 1788 μυρομένοισιν

227 1796 377 1888 ἡνιόχοιο
398 1803 509 1892 ποθῇ,
533 1799 659 1890 θαλερή
682 1797 713 1870 δ’
737 1797 904 1884 ἐμιαίνετο
924 1795 1021 1889 χαίτη

174 1933 216 1974 ιιο
231 1901 364 1994 ζεύτλης
385 1903 584 1992 ἐξεριποῦσα
606 1902 699 1990 παρὰ
721 1901 817 1984 ζυτάν
838 1897 1085 1992 ἀμφοτέρωθεν.

229 2005 400 2093 μυρομένω
423 2003 455 2072 δ’
477 2001 541 2096 ἀρα
562 2003 609 2072 τιύ
629 2028 667 2070 τε
687 2004 791 2070 ειδών
812 2002 924 2093 ἐλέησε
945 1999 1108 2088 Κρονίων,

228 2107 364 2198 κινήσας
386 2109 423 2176 δὲ
444 2107 527 2198 κάρη
549 2105 651 2197 προτί
671 2101 732 2175 τάν
753 2105 931 2196 μυθήσατο
952 2102 1064 2190 θυμόν

222 2201 271 2276 “ἀ
295 2209 410 2293 δειλώ,
432 2209 467 2278 τί
488 2211 579 2299 σφῶι
603 2209 703 2296 δόμεν
723 2209 837 2299 Πηλῆι
857 2207 997 2274 εάνακτι

227 2313 356 2401 θνητῷ,
379 2309 471 2396 ὑμεῖς
493 2308 524 2380 δ’
547 2312 641 2382 ἐστόν
662 2307 775 2402 ἀτήρω
795 2308 826 2377 τ’
851 2306 1012 2378 ἀθανάτω
1033 2333 1078 2376 τε.

175 2405 250 2504 ιιεή
271 2414 327 2480 ἵνα
349 2411 542 2504 δυστήνοισι
561 2410 635 2500 μετ’
659 2411 819 2502 ἀνδράσιν
840 2406 931 2481 ἀλτέ
953 2409 1081 2504 ἐχητονς

228 2511 265 2582 οὐ
286 2515 352 2606 μήν
371 2513 434 2604 πάρ
455 2514 490 2584 τί
512 2517 578 2586 πού
600 2516 691 2586 ἐστιν
713 2513 928 2603 ὀιζυρώτερον
950 2511 1070 2603 ἀνδρός

227 2617 374 2700 πάντων,
398 2617 484 2688 ὅσσα
504 2645 541 2687 τε
561 2625 660 2688 ταῖαν
682 2616 742 2687 ἐπι
765 2615 873 2686 πνείει
894 2643 931 2686 τε
952 2616 1010 2685 καὶ
1032 2616 1137 2707 ἐρπει.

228 2716 296 2787 ἀλλ’
320 2717 359 2790 οὐ
379 2723 445 2812 μήν
466 2720 542 2809 ύμῖν
562 2749 600 2792 τε
622 2724 679 2793 καί
701 2722 827 2812 ἀρμασι
849 2719 1078 2789 δαιδαλέοισιν

227 2819 355 2910 Ἕκτωρ
377 2823 569 2914 Πριαμίδης
590 2823 808 2914 ἐποχήσεται·
831 2821 870 2892 ού
890 2824 954 2912 νάρ
976 2821 1075 2892 ἐάσω.

177 2917 254 3013 ιιοή
276 2921 315 2992 οὐ
335 2923 434 3006 εάλις
454 2923 500 3006 ὠς
520 2926 579 2992 καὶ
600 2923 705 3010 τεύχε’
728 2923 796 3010 ἔχει
818 2925 877 2992 καί
897 2925 1073 3008 ἐπεύχεται
1095 2919 1218 3006 αύτωςς

185 3070 193 3087 ι
228 3027 338 3117 σφῶιν
359 3023 392 3094 δ’
413 3026 449 3094 ἐν
468 3026 623 3094 τούνεσσι
643 3025 752 3112 βαλέω
773 3025 870 3112 μένος
892 3023 950 3115 ἠδ’
971 3027 1020 3093 ἐνί
1041 3029 1158 3113 θυμῷ,

227 3124 317 3217 ἀφρα
338 3127 396 3196 καί
417 3125 657 3212 Αὐτομέδοντα
679 3124 845 3195 σαώσετον
867 3125 904 3194 ἐκ
927 3126 1092 3211 πολέμοιο

227 3233 308 3321 νῆας
329 3227 388 3299 έπι
410 3228 595 3320 τλαφυράς·
619 3225 671 3295 ἐτι
691 3226 755 3318 τάρ
778 3251 876 3318 σφισι
900 3231 998 3308 κῦδος
1021 3225 1137 3316 ὀρέξω,

227 3330 366 3402 κτείνειν
388 3331 436 3414 είς
459 3331 478 3400 ὅ
499 3357 537 3399 κε
557 3332 638 3421 νῆας
659 3330 858 3416 ἐυσσέλμους
880 3328 1067 3422 ἀφίκωνται

173 3453 214 3496 σε
229 3435 291 3528 δύῃ
312 3433 345 3505 τ’
367 3433 478 3526 ήέλιος
499 3436 558 3504 καὶ
579 3434 639 3504 ἐπὶ
661 3434 785 3525 κνέφας
807 3430 893 3524 ἱερὸν
914 3431 1028 3526 ἔλθη.υ

269 3529 314 3620 ὦς
334 3540 465 3607 τειπιύν
486 3541 650 3608 ίπποισιν
671 3537 861 3608 ἐνέπνευσεν
881 3537 977 3623 μένος
998 3534 1054 3628 ήύ·

227 3640 274 3708 τώ
295 3637 327 3710 δ’
351 3637 422 3711 ἀπὸ
441 3642 588 3727 χαιτάων
608 3639 721 3733 κονίην
742 3638 889 3710 οὐδάσδε
910 3633 1059 3728 βαλόντε

231 3801 528 3814 -υ--ῄ-*μ---α-

328 3885 353 3935 εὶ
371 3885 471 3940 τοῦτον
491 3885 620 3960 Τρώεσσι
638 3889 805 3961 μεθήσομεν
823 3887 1038 3963 ἱπποδάμοισιν

327 3963 416 4020 τάστυ
434 3965 501 4022 πότι
519 3973 657 4044 σφέτερον
672 3971 789 4042 τερύσαι
806 3979 852 4028 καὶ
870 3975 955 4035 κῦδος
972 3971 1119 4048 ἀρέσθαι.”

261 4051 312 4102 420
364 4041 401 4111 ἀς
418 4051 453 4106 δέ
468 4070 509 4112 τις
526 4047 561 4108 αὐ
582 4055 686 4127 Τρώων
702 4057 878 4131 μεταθύμων
895 4057 1081 4128 αὐδήσασκεν.

325 4129 373 4190 “ἀι
390 4141 483 4209 φίλοι,
502 4141 527 4192 εί
545 4142 591 4192 καὶ
608 4146 698 4212 μοῖρα
716 4141 785 4214 παρ’
805 4140 884 4214 ἀνέρι
902 4145 973 4215 τῷδε
992 4145 1117 4218 δαμῆναι

327 4221 438 4283 πάντας
456 4221 544 4296 ὁμῶς,
561 4223 601 4298 μή
619 4223 664 4280 ποί
683 4245 724 4287 τις
740 4228 858 4302 ἐρωείτω
875 4227 1038 4302 πολέμοιο.”

328 4297 364 4371 ἀς
381 4304 435 4383 ἀρα
452 4329 495 4370 τις
510 4315 654 4377 τείπεσκε,
673 4315 759 4383 μένος
775 4309 809 4366 δ’
829 4311 968 4385 ὄρσασκεν
985 4315 1105 4387 ἑταίρου.

362 4384 400 4456 ἀς
418 4397 447 4449 οἳ
464 4397 518 4469 μὲν
534 4393 694 4470 μάρναντο,
714 4397 855 4472 σιδήρειος
873 4399 901 4453 δ’
922 4397 1084 4474 ὁρυματδύε

263 4481 313 4536 425
327 4477 451 4554 χάλκεον
469 4480 589 4559 οὐρανὸν
607 4477 648 4540 ίκε
667 4483 707 4538 δι’
727 4488 843 4558 αἰθέρος
860 4482 1031 4561 ἀτρυτέυοιο.
