3068 5202
255 311 323 378 394
656 310 701 358 ει.
733 303 958 358 muoso

256 460 376 552 ἀνδρός
395 459 624 553 παιδοφόνοιο
645 461 728 530 ποτὶ
749 459 859 545 στόμα
877 455 959 546 χεῖρ’
983 455 1191 549 &moad

299 557 345 646 ώς
365 564 469 656 φάτο,
490 566 540 653 τῷ
562 560 592 631 δ’
617 558 681 652 ἀρα
703 563 830 650 πατρὸς
850 555 912 652 ὑφ’
933 558 1047 651 ίμιρον
1068 555 1154 653 ώρσε
1174 562 1303 632 νόοιο·

257 664 430 759 ἀψάμενος
451 664 482 734 δ’
506 661 571 753 ἀρα
591 666 702 755 χειρός
724 661 887 732 ἀπώσατο
906 665 992 754 νῆκα
1012 663 1157 752 τέροντα.

255 771 303 839 τώ
326 771 363 840 δέ
383 767 578 860 μνησαμένω
600 761 620 835 ὃ
640 765 700 850 μὲν
712 762 868 852 Ἕκτορος
887 761 1110 855 ἀνδροφόνοιο

205 901 245 942 ειο
257 869 346 941 κλαῖ’
369 869 483 953 ἀδινά,
506 867 725 959 προπάροιθε
745 868 862 935 ποδῶν
881 863 1037 957 Ἀχιλῆος
1057 865 1226 952 ἐλυσθείς,

260 971 365 1063 αύτάρ
387 969 554 1058 Ἀχιλλεύς
574 971 668 1038 κλαῖε
687 969 765 1036 τεόν
786 965 913 1058 πατέρ’,
936 964 1051 1038 ἀλλυτε
1073 967 1108 1038 δ’
1130 963 1208 1038 αι’πε

256 1076 462 1163 Πάτροκλον·
482 1075 548 1141 τῶν
569 1071 607 1140 δὲ
627 1069 765 1159 στοναχῆ
787 1070 873 1136 κατὰ
895 1067 1021 1155 δώματ’
1045 1068 1189 1162 όρώρειν.

259 1175 361 1264 αὐτὰρ
383 1173 461 1245 έπεί
482 1182 525 1266 ῥα
544 1175 641 1246 νόοιο
661 1171 843 1261 τετάρπετο
865 1172 938 1252 δῖος
958 1167 1140 1256 Ἀχιλλεύς,

205 1303 246 1346 ειε
262 1275 367 1347 αὐτίκ’
392 1275 462 1345 ἀπὸ
484 1277 609 1366 θρόνου
631 1269 731 1364 ώρτο,
753 1274 889 1362 τέροντα
912 1271 950 1340 δέ
970 1277 1082 1363 χειρδς
1102 1273 1232 1368 ἀνίστη,

260 1377 429 1470 οἰκτείρων
450 1379 569 1448 πολιόν
588 1403 626 1447 τε
646 1377 728 1468 κάρη
751 1372 872 1443 πολιόν
891 1399 928 1442 τε
947 1374 1086 1460 τένειον,

259 1480 318 1552 καί
338 1507 397 1569 μιν
419 1481 574 1574 φωνήσας
593 1481 700 1552 τέπεα
721 1477 902 1567 πτερόεντα
922 1481 1107 1570 προσηύδα.

255 1577 303 1651 “d
325 1579 420 1667 δείλ’,
443 1577 465 1674 'J
486 1586 526 1674 δῆ
549 1585 657 1652 πολλά
678 1577 755 1650 κάκ’
776 1577 894 1665 ἀνσχευ
916 1581 974 1650 σδν
994 1583 1080 1650 κατά
1101 1581 1221 1670 θυμόν.

259 1689 333 1769 πῶς
355 1683 448 1776 ἔτλης
469 1685 529 1755 έπί
551 1687 631 1775 νῆας
651 1680 796 1769 Ἀχαιῶν
817 1683 958 1767 ἐλθέμεν
979 1677 1064 1767 σίας,

206 1818 246 1860 ιιι
260 1784 378 1880 ἀνδρὸς
398 1787 432 1869 ές
454 1786 652 1880 ὀφθαλμούς
673 1785 712 1868 ές
731 1810 785 1854 τοι
807 1786 931 1867 πολέας
951 1811 988 1855 τε
1008 1786 1068 1855 καί
1089 1784 1232 1867 έσθλυύς
1306 1830 1312 1836 -

260 1887 352 1972 υἱέας
371 1889 555 1980 ἐξενάριξα·
578 1887 748 1979 σιδήρειόν
768 1886 805 1956 νύ
825 1911 879 1956 τοι
902 1881 990 1980 ῆτορ.

261 1989 329 2062 ἀλλ’
352 1988 411 2060 ἀπε
433 1994 473 2083 δῆ
494 1989 568 2060 κατ’
589 1987 643 2080 ἀρ’
666 1989 737 2074 ἕζευ
758 1990 818 2058 ἐπὶ
840 1989 978 2080 θρόνον,
1001 1984 1103 2058 ἀλτεα
1125 1987 1158 2059 δ’
1180 1985 1292 2083 έμπης

261 2094 295 2164 έν
315 2096 418 2184 θυμῷ
438 2099 663 2163 κατακεῖσθαι
684 2094 838 2180 ἐάσομεν,
862 2091 1035 2180 ἀχνύμενοί
1056 2116 1135 2185 περ·

262 2193 300 2264 οδ
321 2195 385 2288 τάρ
406 2221 460 2278 τις
480 2197 602 2287 πρῆξις
624 2195 761 2266 πέλειαι
782 2202 932 2286 κρυεροῖο
952 2195 1059 2266 τόσιο.

208 2325 247 2368 ιιι
262 2293 306 2380 ὧς
326 2302 390 2388 τδρ
411 2299 642 2369 ἐπεκλώσαντο
663 2300 743 2370 θεοὶ
766 2301 908 2370 δειλοῖσι
929 2304 1112 2388 βροτοῖσιν,

263 2401 357 2485 ζώειν
379 2399 584 2489 ἀχνυμένοις·
608 2399 705 2470 αύτσὶ
728 2401 766 2472 δέ
785 2398 816 2470 τ’
841 2397 979 2492 ἀκηδέες
1000 2399 1092 2472 εἰσίν.

261 2503 353 2572 δοιοὶ
372 2503 435 2592 πάρ
456 2529 493 2572 τε
514 2502 621 2573 πίθοι
643 2501 861 2573 κατακείαται
883 2503 918 2572 ἀν
938 2503 1024 2584 Διδς
1045 2499 1137 2572 ούδει

261 2604 375 2695 δώρων
396 2597 452 2673 σία
474 2603 608 2688 δίδωσι,
631 2609 754 2689 κακῶν,
777 2605 888 2695 ἕτερος
910 2604 948 2675 δέ
968 2605 1062 2674 λάων.

262 2697 290 2796 ᾦ
311 2706 370 2793 μέν
390 2702 423 2774 κ’
445 2704 591 2793 ἀμμίξας
613 2707 682 2797 δώη
706 2709 790 2788 Ζεύς
809 2707 1076 2798 τερπικέραυνος,

207 2844 247 2884 ιιι
263 2807 379 2878 ἀλλοτε
399 2806 459 2895 μέν
478 2833 516 2877 τε
536 2816 631 2898 κακῷ
653 2809 673 2878 ό
693 2834 732 2877 τε
752 2809 884 2900 κύρεται
907 2807 1025 2878 ἀλλοτε
1046 2805 1079 2876 δ’
1101 2805 1230 2897 ἐσθλῷ·

262 2903 291 3000 ᾦ
313 2910 351 2980 δέ
370 2936 408 2979 κε
428 2918 494 2980 τών
514 2913 639 3001 λυπρῶν
662 2909 745 3004 δώῃ,
768 2911 918 3001 λωβητδν
939 2908 1061 3002 έθηκεν

260 3011 319 3081 καί
338 3037 376 3082 τε
397 3015 481 3106 κακῆ
504 3013 710 3106 βούβρωστις
731 3011 791 3082 ἐπί
810 3013 921 3100 χθόνα
943 3015 1018 3081 δῖαν
1039 3011 1182 3095 έλαύνει,

261 3118 365 3210 φοιτᾷ
387 3112 419 3185 δ’
442 3112 516 3185 ούτε
536 3122 653 3186 θεοῖσι
673 3115 842 3203 τετιμένος
864 3111 939 3182 ούτε
959 3121 1138 3206 βροτοῖσιν.

261 3211 308 3300 ώς
326 3218 387 3304 μέν
407 3219 466 3286 καὶ
487 3221 599 3310 Πηλῆι
620 3219 700 3288 θεολ
723 3217 826 3288 δόσαν
849 3214 955 3286 ἀτλαά
978 3218 1069 3305 δῶρα

208 3351 247 3392 εει
261 3321 298 3390 ἐκ
318 3323 464 3410 τενετῆς·
486 3320 615 3402 πάντας
634 3322 698 3410 τδρ
721 3319 778 3390 ἐπ’
802 3317 1004 3410 ἀνθρώπους
1024 3317 1184 3388 ἐκέκαστο

262 3420 352 3513 ὄλβῳ
374 3447 410 3489 τε
431 3421 565 3512 πλούτῳ
586 3447 637 3506 τε,
658 3421 803 3490 τάνυσσε
826 3422 864 3489 δὲ
885 3421 1172 3511 Μυρμιδόνεσσιν,

262 3524 396 3592 καίτοι
417 3526 532 3613 θνητῷ
553 3523 640 3592 ἐόντι
662 3525 747 3592 θεάν
768 3521 915 3614 ποίησαν
937 3519 1075 3592 ἀκοιτιν.

263 3620 338 3692 ἀλλ’
360 3623 420 3692 ἐπὶ
441 3625 499 3692 καὶ
520 3627 569 3714 τῷ
590 3627 677 3715 θῆκε
697 3627 780 3706 θεὸς
800 3625 915 3708 κακόν,
940 3623 1011 3696 ἀντι
1032 3651 1088 3695 τοι
1111 3622 1149 3696 ού
1169 3651 1204 3693 τι

263 3725 397 3794 παίδων
417 3725 452 3794 έν
471 3726 648 3815 μετάροισι
669 3729 747 3817 τονῆ
769 3728 880 3797 τέκετο
901 3728 1088 3818 κρειόντων,

209 3824 338 3898 ιιο.ἀλλ’
362 3826 418 3895 ἕνα
439 3825 537 3897 παῖδ’
560 3826 667 3897 ἔτεκεν
688 3829 895 3918 παναώριον·
918 3828 996 3900 ούδέ
1017 3855 1053 3898 νυ
1074 3829 1131 3900 τόν
1150 3855 1189 3898 τε

262 3927 468 4021 τηράσκοντα
490 3929 627 4015 κομίζω,
650 3930 728 4000 ἐπεὶ
749 3932 839 4016 μάλα
860 3932 985 4023 τηλόθι
1007 3931 1137 4022 πάτρης

263 4025 347 4124 ῆμαι
368 4031 417 4101 ένὶ
443 4029 562 4124 Τροίη,
585 4033 624 4104 σέ
644 4059 682 4102 τε
702 4035 811 4125 κη’δων
832 4029 893 4125 ῆδὲ
915 4034 959 4102 σά
980 4030 1086 4100 τέκνα.

264 4136 321 4203 καὶ
344 4132 393 4217 σέ,
414 4131 523 4225 τέρον,
544 4137 584 4205 τδ
607 4138 688 4225 πρὶν
708 4137 767 4223 μὲν
788 4133 949 4221 ἀκούομεν
971 4129 1086 4221 δλβιον
1107 4128 1209 4204 εἶναι·

264 4238 365 4306 ὅσσον
385 4235 521 4324 Λέσβος
542 4234 624 4320 ἀνω,
646 4239 814 4327 Μάκαρος
836 4237 927 4320 ἕδος,
949 4235 1041 4317 έντδς
1061 4235 1188 4324 έτέρνει

299 4463 349 4514 ³14
366 4465 415 4515 καί
429 4481 477 4516 τοι
495 4457 556 4516 άπδ
571 4459 724 4535 πραπίδων
741 4456 807 4530 ἦλθ’
828 4463 925 4534 ἵμεροι
942 4456 989 4527 ἠδ’
1008 4453 1068 4512 ἀπὸ
1084 4463 1185 4524 τυλων,
