3148 5194
3 4519 5 4598 ι

609 307 651 360 18.
682 303 909 362 mmm

139 535 142 540 Δ
201 459 305 552 κῆρας
327 453 486 551 όιομένιμ,
509 460 661 544 πάτακος
683 463 721 534 δέ
739 487 776 533 τε
796 459 916 534 τίτνετ’
940 457 1098 531 ὀδόντων·

67 623 71 630 .
202 565 263 633 τού
285 559 316 631 δ’
341 557 476 632 όταθού
498 560 569 634 τότ’
592 560 633 655 ἐρ
654 564 814 656 τρέπεται
834 565 932 657 χριύς,
954 560 1029 634 oves
1048 589 1085 634 τι
1104 563 1178 657 λίην

149 701 189 743 „⁶
202 670 331 757 ταρβεῖ,
353 663 432 734 ἐπεί
451 691 506 734 κεν
526 669 659 757 πρῶτον
679 665 829 760 ἐσίζηται
850 669 947 752 λόχον
969 663 1108 758 ἀνδρῶν,

204 766 326 859 άρῶται
348 769 385 836 δύ
405 767 548 853 τάχιστα
567 769 748 860 μινήμεναι
770 770 806 840 ἐν
828 771 888 838 δαῒ
907 773 1040 862 λυτρῇ),

106 935 107 938 ,
204 869 283 941 ούδέ
301 895 357 939 κεν
377 867 463 940 ἔνθα
482 869 557 938 τεόν
577 895 615 940 τε
635 869 734 956 μένος
754 871 813 938 καὶ
833 875 944 960 χεῖρας
965 865 1086 940 όνοιτο.

204 968 241 1042 εί
257 997 322 1064 περ
342 974 407 1064 τάρ
427 999 465 1042 τε
485 975 569 1064 βλῇο
590 971 785 1061 πονεύμενος
805 969 845 1063 ήέ
864 971 1016 1064 τυπείης,

205 1071 264 1144 οὐκ
286 1070 327 1143 δν
348 1074 383 1144 ἐν
404 1071 512 1160 αὐχέν’
534 1071 665 1144 όπισθε
685 1074 786 1144 πέσοι
807 1074 907 1160 βέλος
928 1071 1002 1144 οὐδ’
1024 1073 1073 1144 ἐνὶ
1093 1073 1203 1165 νῶτφ,

150 1208 191 1250 ενι
206 1174 290 1246 ἀλλά
311 1201 366 1246 κεν
388 1172 411 1268 ἢ
431 1177 572 1268 στέρνων
593 1172 617 1266 ἢ
636 1176 757 1268 νηδύος
778 1171 963 1244 ἀντιάσειεν

204 1277 341 1371 πρόσσω
362 1278 527 1365 νιεμένοισ
548 1279 632 1363 μετά
654 1277 834 1369 προμάχων
853 1277 1040 1367 εσαριστύν.

205 1377 275 1450 ἀλλ’
297 1377 357 1450 ότι
376 1381 495 1472 μηκέτι
516 1381 620 1448 ταῦτα
640 1379 818 1466 λετυίμεθα
838 1381 996 1470 νηπύτιοι
1018 1379 1064 1462 ῶς

204 1479 371 1568 ἑσταότες,
393 1483 439 1574 μή
462 1481 530 1552 πού
551 1507 604 1563 τις
624 1478 841 1572 ὑπερφιάλως
861 1483 1038 1575 νεμεσήσῃ·

204 1582 287 1654 άλλά
308 1585 348 1655 σύ
368 1610 407 1654 τε
427 1583 596 1675 κλισίηνδε
616 1585 697 1652 κιῶν
719 1584 791 1654 ἕλευ
814 1581 978 1674 ὄμβριμον
999 1583 1126 1671 ἔτχος.”

150 1719 191 1764 ιιι
247 1681 292 1769 ὦς
313 1688 411 1779 φάτο,
434 1689 612 1780 Μηριόνης
633 1689 671 1758 δέ
690 1692 769 1780 θοῷ
791 1686 973 1769 ἀτάλαντος
991 1684 1089 1780 ’Άρηι

203 1792 422 1883 καρπαλίμως
442 1792 618 1885 κλισίηθεν
639 1790 785 1862 άνείλετο
805 1793 943 1878 χάλκεον
965 1787 1072 1876 ίτχος,

204 1896 248 1984 βῆ
270 1894 308 1963 δέ
329 1891 401 1980 μετ’
419 1889 590 1986 Ἰδομενῆα
610 1894 695 1980 μέτα
717 1894 902 1981 πτολέμοιο
922 1892 1085 1984 μεμηλώς.

204 1989 278 2077 οἷος
299 1997 337 2064 δὲ
357 1999 571 2086 βροτολοιτδς
589 1993 691 2086 ’Ἄρης
712 1995 896 2082 πολεμόνδε
916 1997 1075 2082 μέτεισιν,

204 2101 253 2188 τῶ
276 2099 313 2166 δὲ
335 2098 449 2185 Φόβος
469 2096 569 2190 φίλος
589 2096 662 2179 υίὸς
683 2097 753 2185 ἅμα
774 2100 929 2189 κρατερὸς
949 2097 1007 2166 καὶ
1029 2094 1175 2189 όταρβής

150 2230 192 2272 ιω
207 2200 345 2284 ἐσπετο,
369 2198 407 2282 ός
428 2197 459 2268 τ’
482 2199 630 2292 ἐφόβησε
650 2200 841 2293 ταλάφρονά
863 2225 927 2288 περ
948 2200 1167 2290 πολεμιστήν·

205 2303 252 2372 τῶ
272 2303 333 2389 μέν
354 2297 409 2392 ἂρ’
430 2301 467 2370 ἐκ
493 2303 624 2393 Θρῄκης
641 2301 799 2395 Ἐφύρους
818 2302 903 2390 μέτα
924 2301 1168 2392 θωρήσσεσθον

205 2401 244 2496 ήδ
265 2405 349 2490 μετά
372 2401 522 2484 Φλετύας
541 2404 782 2496 μεταλήτυρας·
804 2401 962 2494 οὐδ”άρα
982 2403 1031 2472 τά
1051 2429 1090 2473 τε

166 2579 173 2596 ῃ
205 2504 320 2575 ἔκλυον
341 2500 547 2596 α’μφοτέρων,
570 2503 716 2600 ἑτέροισι
739 2507 777 2576 δέ
796 2509 896 2588 κῦδος
916 2504 1056 2577 ἔδωκαν·

204 2615 292 2680 τοῖσι
313 2605 490 2699 Μηριόνης
509 2633 547 2677 τε
567 2610 625 2678 καὶ
644 2608 822 2696 Ἰδομενεύς
842 2605 921 2678 άτοὶ
943 2605 1068 2700 ἀνδρῶν

153 2739 194 2782 ωε
207 2707 307 2804 ἤισαν
327 2709 362 2792 ἐς
383 2709 543 2797 πόλεμον,
565 2712 806 2803 κεκορυθμένοι
828 2708 958 2782 αἴθοπι
978 2713 1099 2801 χαλκῶ.

204 2815 262 2884 τὸν
281 2812 340 2882 καί
361 2811 535 2904 Μηριόνης
555 2813 718 2907 πρότερος
738 2815 824 2905 πρὸς
843 2817 953 2900 μῦθον
974 2811 1115 2882 ἔνειπεν.

201 2912 430 3006 “Amnum
453 2917 502 3007 πῇ
523 2912 556 2982 τ’
579 2912 621 3005 άρ
642 2919 786 3004 μέμονας
806 2918 987 2986 καταδῦναι
1010 2916 1143 3002 όμιλσνς

205 3011 227 3110 ἦ
248 3018 309 3088 ἐπὶ
331 3017 485 3109 δεξιόφιν
506 3019 631 3099 παντὸς
653 3020 808 3107 στρατοῦ,
829 3013 852 3109 ἦ
874 3015 937 3087 όνά
957 3016 1115 3103 μέσσους,

205 3117 227 3213 ή
249 3118 307 3190 ἐπ’
328 3117 561 3212 άριστερόφιν;
582 3119 659 3189 ἐπεὶ
681 3117 719 3189 ού
741 3127 833 3189 ποθι
853 3119 1020 3206 νέλπομαι
1043 3119 1147 3201 οὕτως

151 3251 193 3294 ιιι
207 3223 370 3294 δεύεσθαι
390 3220 556 3308 πολέμοιο
577 3220 658 3314 κάρη
682 3221 871 3308 κομόωντας
892 3217 1073 3308 Ἅχαιούς.”

247 3327 305 3396 τὸν
326 3323 358 3394 δ’
380 3320 453 3402 αύτῗ
471 3321 649 3410 Ἰδομενεύς
670 3325 812 3414 Κρητῶν
833 3319 913 3404 άτός
934 3319 1044 3392 άντίυν
1064 3319 1150 3414 ηόδα

200 3427 321 3522 “νηυσὶ
341 3428 401 3516 μὲν
422 3427 457 3497 ἐν
476 3428 639 3518 μέσσῃσιν
659 3420 817 3512 όμυνέμεν
838 3423 905 3495 είσὶ
925 3425 983 3492 καὶ
1004 3420 1113 3510 άλλσι,

205 3529 354 3613 Αἰάντές
373 3557 410 3599 τε
432 3529 500 3598 δύω
527 3527 670 3620 Τεῦκρός
691 3526 739 3612 θ’,
763 3523 801 3609 ὃς
822 3523 959 3619 όριστος
979 3524 1122 3612 Ἀχαιῶν

204 3634 376 3725 τοξοσύνῃ,
399 3629 530 3714 άταθός
552 3632 589 3700 δέ
609 3632 668 3699 καὶ
688 3627 723 3700 ἐν
744 3630 865 3723 σταδίῃ
886 3630 1021 3724 ύσμίνῃ·

150 3765 191 3808 ιιι
205 3741 241 3808 οἳ
256 3749 317 3824 Ιμιν
339 3733 422 3829 άδην
443 3734 565 3805 ἐλόωσι
586 3735 644 3803 καὶ
665 3733 841 3820 ἐσσύμενον
861 3733 1040 3821 πολέμοιο,

195 3841 337 3932 Ἕκτορα
357 3837 561 3930 Πριαμίδην,
585 3834 615 3907 εἰ
636 3836 694 3905 καὶ
715 3836 806 3922 μάλα
827 3836 984 3926 καρτερός
1004 3837 1105 3906 ἐστιν.

206 3941 290 4012 αἰπύ
310 3969 366 4012 τοι
388 3941 548 4024 ἐσσεῖται,
570 3938 661 4026 μάλα
683 3963 746 4027 περ
766 3941 918 4026 μεμαῶτι
939 3938 1124 4025 μάχεσθαι,

204 4043 321 4115 κείνων
341 4033 510 4134 νικήσαντι
531 4043 627 4128 μένος
648 4042 706 4110 καὶ
727 4046 837 4131 χεῖρας
861 4039 1012 4124 άάπτυυς

204 4151 286 4238 νῆας
306 4146 502 4236 ἐνιπρῆσαι,
526 4142 581 4211 ότε
602 4143 647 4232 μή
670 4138 769 4221 αύτός
789 4167 827 4212 τε
849 4141 1000 4234 Κρονίων

150 4279 192 4320 ιιι
205 4250 349 4338 ἐμβάλοι
371 4245 551 4333 αἰθόμενον
572 4245 671 4313 δαλὸν
690 4243 804 4336 νήεσσι
825 4247 955 4338 θοῇσιν.

205 4350 302 4444 άνδρὶ
324 4353 362 4422 δέ
382 4347 414 4418 κ’
439 4346 477 4419 ού
496 4345 616 4430 νείξιιε
635 4345 738 4434 μένας
763 4347 972 4435 Τελαμώνιος
991 4345 1104 4435 Δίας,

205 4451 245 4538 δς
265 4453 391 4548 θνητός
410 4449 443 4522 τ’
464 4447 517 4546 ε’ίη
539 4451 598 4521 καὶ
620 4447 692 4522 ἔδοι
714 4450 909 4544 Δημήτερος
930 4449 1048 4544 άιιτήν,
