3084 5190
297 331 341 396 38
704 333 727 378 ο.
767 323 993 379 numm

298 481 481 574 Ἀτρείδης,
504 482 582 552 ἐπεὶ
604 479 643 550 ού
664 504 727 572 σφι
750 477 927 548 θαλάσσια
947 475 1048 566 τέρεα
1069 477 1234 569 μεμήλειν.

244 615 283 655 σιτ
341 581 377 653 οἱ
396 581 429 653 δ’
453 581 518 671 ἀρα
540 581 754 674 Βουπράσιόν
774 606 812 650 τε
833 577 1031 648 καὶἪλιδα
1053 583 1128 648 δῖαν
1148 580 1272 665 ἔναιον,

298 687 397 757 ὅσσον
419 683 473 778 ἐφ’
493 683 627 775 Ὑρμίνη
650 685 708 752 καί
730 684 902 775 Μύρσινος
922 683 1115 768 ἐσχατόωσα

298 788 401 879 πέτρη
423 785 454 855 τ’
474 785 599 877 Ὠλενίη
622 787 680 854 καὶ
701 782 867 854 Ἀλιίσιον
889 785 979 866 ἐντός
1001 785 1140 874 δεέρτει,

296 893 363 958 τῶν
385 882 425 956 αδ
447 887 603 977 τέσσαρες
626 884 721 977 ἀρχοὶ
744 883 835 966 ἔσαν,
859 886 940 954 δέκα
961 884 995 955 δ’
1019 883 1114 976 ἀνδρί
1134 887 1286 976 εεκάστῳ

301 992 374 1082 νῆες
396 989 517 1058 έπυνιο
539 987 640 1069 θοαί,
663 987 782 1068 πολέες
804 984 838 1055 δ’
859 985 1016 1074 ἔμβαινον
1035 986 1171 1056 Ἐπειοί.

245 1126 285 1166 ειυ
298 1096 362 1162 τῶν
382 1091 444 1177 μὲν
466 1089 518 1181 ἀρ’
542 1089 756 1182 Ἀμφίμαχος
776 1090 834 1160 καί
859 1091 1012 1170 Θάλπιος
1032 1086 1242 1181 ἡεησάσδην,
1265 1139 1271 1150 .

298 1187 368 1275 υἷες
389 1190 408 1262 ἱὶ
430 1195 489 1280 μὲν
510 1192 658 1262 Κτεάτου
681 1187 701 1260 δ
724 1189 755 1259 δ’
778 1188 830 1282 ἀρ’
853 1189 1013 1278 Εύρύτου,
1036 1189 1263 1279 Ἀκτορίωνος,

299 1299 366 1365 τῶν
390 1293 423 1363 δ>
443 1292 707 1385 Ἀμαρυνκεΐδης
728 1288 822 1383 ἦρχεν
843 1294 1000 1384 κρατερός
1021 1291 1170 1383 Διώρης·

298 1401 363 1466 τῶν
384 1399 423 1488 δέ
442 1397 605 1489 τετάρτων
625 1389 703 1486 ἦρχε
723 1395 921 1476 Πολύξεινος
942 1395 1134 1485 θεοτειδης,

300 1497 372 1581 υἱδς
393 1498 615 1578 Ἀτασθένεος
636 1495 839 1588 Αύνηιάδαο
859 1498 1031 1578 εάνακτος.

247 1627 286 1668 εει
344 1598 380 1670 οἱ
400 1599 430 1669 δ’
453 1601 490 1670 έκ
512 1599 709 1684 Δουλιχίοιο
729 1598 885 1683 Ἐχινάων
905 1598 945 1666 δ’
968 1596 1086 1686 ἱεράων

301 1704 421 1794 νήσων,
446 1700 485 1770 αἱ
504 1702 635 1771 ναίουσι
658 1701 760 1791 πέρην
781 1697 1027 1782 άλός,”Ηλιδος
1049 1697 1143 1782 δύντα,

298 1806 365 1873 τῶν
386 1798 468 1874 αὖθ’
492 1802 665 1894 ἡτεμόνευε
687 1804 807 1894 Μέτης
829 1800 1009 1883 ἀτάλαντος
1029 1799 1143 1892 Ἄρηι,

303 1908 477 1998 Φυλεΐδης,
501 1901 539 1974 ὃν
559 1903 667 1974 ἔτικτε
688 1904 838 1996 διίφιλος
861 1903 993 1972 ἱππότα
1017 1904 1152 1987 Φυλεύς,

302 2007 340 2090 ὅς
362 2033 446 2078 ποτε
467 2004 682 2091 Δουλιχιόνδ
705 2004 918 2074 ἀπενάσσατο
939 2006 1045 2094 πατρί
1065 2004 1236 2089 χολωθείς.

246 2132 286 2172 6³⁰
300 2113 349 2200 τῷ
371 2108 405 2179 δ’
427 2109 497 2196 άμα
518 2110 762 2200 τεσσαράκοντα
783 2109 938 2194 μέλαιναι
960 2109 1034 2198 νῆες
1056 2107 1187 2176 ἕποντο.

344 2211 446 2303 αύτάρ
465 2209 640 2292 Ὀδυσσεύς
660 2206 720 2302 ἦτε
742 2213 957 2302 Κεφαλλῆνας
977 2210 1206 2298 μεταδύμους,

300 2316 336 2382 οῗ
355 2312 387 2402 ῥ’
408 2312 541 2404 Ἰθάκην
563 2307 651 2398 εἰχον
672 2315 730 2380 καί
752 2313 896 2403 Νήριτον
918 2309 1155 2403 εἰνοσίφυλλον,

300 2415 358 2483 καί
380 2411 558 2506 Κροκύλει’
580 2414 733 2500 ἐνέμοντο
755 2416 814 2482 καί
834 2412 1011 2482 Αίτίλιπα
1031 2420 1196 2505 τρηχεῖαν,

301 2517 337 2584 οἱ
355 2541 391 2582 τε
414 2515 589 2584 Ζάκυνθον
611 2513 684 2599 ἔχον
704 2513 761 2605 ἧδ’
784 2512 820 2585 οἱ
840 2518 952 2602 Σάμον
974 2514 1214 2608 ἀμφενέμοντο,

247 2633 286 2674 ⁶³⁵
303 2619 339 2685 οἵ
357 2613 388 2683 τ’
412 2612 551 2707 ἤπειρον
572 2613 646 2701 ἔχον
667 2614 722 2707 ἠδ’
747 2615 945 2705 ἀντιπέραια
967 2620 1109 2704 νέμοντο.

301 2720 367 2786 τῶν
387 2718 448 2803 μέν
465 2715 639 2799 Ὀδυσσεύς
660 2712 737 2809 ἦρχε
758 2721 820 2788 Διί
843 2723 941 2810 μῆτιν
963 2717 1156 2802 ἀτάλαντος,

300 2823 349 2911 τῷ
372 2820 403 2888 δ’
428 2817 498 2904 ἅμα
520 2823 592 2911 νῆες
615 2820 734 2890 έπονιο
757 2822 906 2890 δυώδεκα
927 2822 1162 2914 μιλτοπάρῃοι.

344 2921 512 2991 Αἰτωλῶν
535 2919 569 2990 δ’
589 2919 701 3013 ἡνεῖτο
727 2925 817 3004 Θόας
838 2921 1072 3014 Ἀνδραίμονος
1093 2922 1180 3008 υἱός,

302 3021 339 3094 οἱ
357 3022 523 3115 Πλευρῶν’
547 3025 697 3111 ἐνέμοντο
719 3026 778 3094 καί
789 3024 925 3095 Ὤλενον
946 3023 1006 3116 ἠδὲ
1027 3028 1179 3119 Πυλήνην

245 3146 286 3186 ⁰⁴0
300 3125 458 3195 Χαλκίδα
479 3124 509 3194 τ’
534 3124 691 3213 ἀτχίαλον
714 3127 896 3196 Καλυδῶνά
917 3154 953 3196 τε
975 3128 1192 3218 πετρήεσσαν·

300 3229 338 3298 ού
358 3231 422 3318 νάρ
446 3226 494 3298 ἔτ’
520 3227 641 3320 Οἰνῆος
662 3229 886 3319 μεταλήτορσς
907 3226 994 3310 υἱέες
1014 3221 1110 3320 ἦσαν,

300 3328 372 3399 οὐδ’
396 3328 451 3421 ἀρ’
473 3329 519 3399 ἔτ’
544 3328 643 3412 αύτδς
663 3329 731 3421 ἔην,
755 3331 841 3399 θάνε
864 3331 900 3397 δὲ
922 3333 1045 3412 ξανθὸς
1066 3333 1278 3424 Μελέατρος,

298 3433 347 3520 τῷ
371 3429 404 3498 δ’
427 3431 487 3500 έπὶ
508 3428 608 3497 πάντ’
630 3431 785 3498 ἐτέταλτο
806 3431 1007 3518 τανασσέμεν
1028 3431 1246 3504 Αἰτωλοῖσιν.

298 3535 346 3621 τη]
370 3531 401 3600 δ’
426 3531 497 3617 ἅμα
520 3530 767 3620 τεσσαράκοντα
787 3531 944 3618 μέλαιναι
966 3535 1038 3622 νῆες
1060 3533 1191 3603 ἕποντο.

243 3647 283 3687 ⁶4⁵
341 3636 478 3722 Κρητῶν
500 3631 531 3701 δ’
552 3631 730 3717 Ἰδομενεύς
752 3634 962 3720 δουρικλυτός
983 3633 1190 3724 ἡνεμόνευεν,

296 3731 336 3804 οἳ
354 3735 491 3803 Κνωσόν
511 3731 548 3801 τ’
571 3727 659 3818 εἰχον
682 3735 829 3823 Γόρτυνά
850 3759 888 3802 τε
908 3735 1128 3817 τειχιόεσσαν,

296 3836 432 3905 Λύκτον
454 3833 609 3925 Μίλητόν
629 3859 665 3901 τε
687 3836 745 3901 καί
769 3832 960 3924 ἀρτινύεντα
983 3835 1163 3904 Λύκαστον

297 3937 447 4006 Φαιστόν
467 3962 504 4004 τε
521 3933 648 4005 Ῥύτιόν
668 3961 719 4020 τε,
743 3936 843 4016 πόλις
864 3935 900 4003 έύ
922 3935 1151 4020 ναιεταούσας,

295 4037 391 4108 ἀλλοι
412 4035 451 4108 δ’
477 4033 514 4108 οἱ
531 4038 664 4128 Κρήτην
686 4035 912 4122 ἑκατόμπολιν
934 4033 1170 4128 ἀμφενέμοντο.

240 4161 281 4200 ⁶⁵⁰
294 4143 359 4209 τιδν
379 4139 439 4225 μέν
461 4135 515 4228 ἀρ’
535 4136 710 4225 Ἰδομενεύς
736 4139 949 4228 δουρικλυτός
971 4135 1164 4226 ἡτεμόνευεν

294 4239 471 4332 Μηριόνης
491 4241 523 4308 τ’
546 4237 728 4321 ἀτάλαντος
747 4236 903 4328 Ἐνυαλίῳ
928 4237 1160 4335 ἀνδρεῖφόντη·

291 4347 379 4411 τοῖσι
403 4339 435 4410 δ’
457 4338 513 4428 ἀμ’
538 4340 727 4412 δεδάκοντα
748 4341 904 4428 μέλαιναι
926 4343 999 4429 νῆες
1021 4339 1153 4412 ἕποντο.

339 4445 557 4535 Τληπόλεμος
578 4443 610 4514 δ’
630 4443 850 4537 Ἡρακλεΐδης
869 4442 928 4533 ἠύς
949 4467 985 4508 τε
1005 4441 1109 4528 μένας
1129 4475 1165 4516 τε
