3084 5190
276 311 318 376 46
686 315 709 362 3.
748 311 967 364 ιΛικΔοεε

237 464 300 557 εεή
321 491 357 534 τε
378 465 463 557 κόμη
486 465 526 536 τό
547 491 584 534 τε
604 467 728 548 τεῖδος,
752 463 802 536 ὅτ’
825 465 859 536 ἐν
880 465 1010 559 κονίῃσι
1032 464 1173 558 μιτείης.

278 565 361 636 άλλά
382 568 473 655 μάλα
499 570 608 658 Τρῶες
631 568 833 659 δειδήμονες·
856 563 877 658 ή
898 568 936 637 τέ
957 594 1010 638 κεν
1031 565 1094 660 ήδη

275 670 388 738 λάινον
410 669 489 741 ἕσσο
510 673 632 756 χιτῶνα
654 673 764 739 κακῶν
785 667 867 754 ἕνεχ’
890 669 974 740 ὅσσα
993 668 1180 760 εέτορνας.”

318 774 376 841 τόν
398 771 430 840 δ’
452 767 530 841 αότε
551 773 772 863 προσέτιιπεν
795 769 1008 862 Ἀλέξανδρος
1030 773 1209 862 θεοτειδής

273 871 292 898 “
305 874 437 964 Ἕκτορ,
460 875 539 948 ἐπεί
559 901 601 962 με
622 871 697 942 κατ’
720 869 819 944 αἶσαν
840 874 1003 957 ἐνείκεσας
1026 873 1096 944 οὐδ’
1120 874 1202 965 ὑπὲρ
1225 867 1340 956 αίσαν,

238 1003 263 1040 σο
279 974 345 1045 αἰεί
369 978 422 1046 σοὶ
444 977 562 1067 κραδίη
586 977 725 1056 πέλεκυς
747 973 792 1058 ι’δς
813 977 903 1045 ἐστὶν
925 975 1069 1067 άτειρής,

279 1078 316 1161 ὅς
336 1077 366 1147 τ’
390 1075 475 1148 τίσιν
498 1083 556 1149 διά
578 1081 694 1172 δουρὸς
716 1077 777 1146 ὑπ’
800 1078 913 1166 άνὲρος
935 1078 972 1161 ὅς
993 1079 1035 1170 ῥά
1056 1105 1092 1147 τε
1112 1079 1205 1169 τέχνη

278 1183 369 1272 νήιον
390 1181 602 1273 ἐκτάμνῃσιν,
625 1180 761 1274 ὀφέλλει
783 1179 814 1249 δ’
838 1179 957 1270 άνδρδς
977 1181 1096 1273 ἐρωήν·

278 1273 323 1363 ὧς
344 1284 398 1352 σοὶ
419 1283 466 1352 ἐνὶ
489 1283 672 1374 στήθεσσιν
694 1279 876 1373 ἀτάρβητος
896 1283 972 1364 νόος
993 1281 1090 1353 ἐστίν.

192 1467 195 1474 ,
277 1384 324 1474 μή
346 1411 405 1471 μοι.
429 1382 509 1474 δῶρ’
532 1385 631 1474 ε’ρατά
654 1385 800 1476 πρόφερε
820 1386 957 1477 χρυσέης
977 1384 1192 1479 Ἀφροδίτης·

239 1513 264 1554 ω
280 1485 319 1556 οδ
340 1513 390 1555 τοι
418 1483 582 1580 άπόβλητ’
604 1487 675 1557 ἐστὶ
699 1490 787 1556 θεῶν
809 1488 963 1576 ἐρικυδέα
986 1491 1087 1578 δῶρα,

281 1590 366 1660 όσσα
387 1617 442 1658 κεν
463 1587 558 1658 αι’·τοί
582 1593 681 1672 δῶσι,
704 1591 806 1658 τεκιδν
828 1587 862 1656 δ’
886 1586 945 1658 οόκ
968 1586 1008 1657 άν
1028 1615 1081 1669 τις
1104 1587 1224 1657 ἕλοιτο.

278 1695 333 1759 νῦν
354 1685 425 1759 αὖτ’
450 1689 485 1760 εἴ
502 1688 539 1778 μ’
561 1691 690 1772 ἐθέλεις
713 1690 931 1776 πολεμιζέμεν
951 1687 1012 1780 ήδὲ
1032 1690 1219 1775 μάχεσθαι,

280 1790 398 1874 άλλσυς
418 1795 477 1878 μὲν
498 1793 644 1862 κάθισον
670 1795 786 1881 Τρῶας
807 1791 865 1860 καὶ
887 1790 1015 1874 πάντας
1036 1787 1203 1874 Ἀχαιούς,

158 1985 161 1990 Ι
280 1894 383 1984 αότάρ
407 1893 460 1981 ἔμ’
483 1895 517 1965 ἐν
537 1895 649 1984 μέσσην
672 1895 729 1962 καὶ
752 1891 929 1986 άρηίφιλον
951 1893 1125 1962 Μενέλαον

239 2025 264 2064 τι
279 1995 453 2086 ξυμβάλετ’
477 1995 562 2090 ἀμφ’
581 1995 690 2086 Ἑλένη
713 1998 772 2065 καὶ
793 1997 938 2086 κτήμασι
961 1999 1048 2065 πᾶσι
1069 1997 1250 2082 μάχεσθαι.

280 2099 468 2191 ὁππότερος
490 2103 528 2170 δέ
548 2127 585 2169 κε
607 2100 722 2190 νικήση
745 2097 903 2190 κρείσσων
923 2125 959 2167 τε
980 2100 1128 2188 τένηται,

279 2201 426 2293 κτήμαθ’
448 2201 529 2270 ἑλών
551 2202 586 2272 ἐτ’·
608 2202 718 2270 πάντα
740 2201 877 2269 τυναῖκά
899 2227 934 2268 τε
955 2198 1088 2270 τοίκαδ’
1112 2197 1264 2269 άτέσθω·

279 2301 311 2372 οἱ
335 2302 368 2372 δ’
392 2303 485 2374 άλλοι
508 2304 673 2396 φιλότητα
694 2305 751 2372 καὶ
774 2301 872 2391 ὅρκια
895 2304 1001 2371 πιστά
1021 2301 1180 2387 ταμόντες

279 2404 404 2473 ναίοιτε
431 2407 551 2498 Τροίην
572 2405 772 2495 ἐριβώλακα,
794 2407 848 2476 τοὶ
872 2406 908 2473 δὲ
929 2405 1074 2475 νεέσθων

241 2534 265 2574 τε
278 2505 399 2595 ’Ἀρι-ος
420 2505 454 2588 ἐς
475 2503 667 2594 ἱππόβοτον
687 2508 744 2575 καὶ
765 2505 923 2592 Ἀχαιίδα
945 2505 1208 2576 καλλιτόναικα.”

322 2602 367 2689 ὦς
389 2607 503 2698 ἔφαθ’,
518 2608 644 2700 Ἕκτωρ
668 2607 699 2678 δ’
724 2603 801 2678 αὖτε
822 2610 903 2700 χάρη
925 2612 1012 2696 μέτα
1033 2614 1143 2696 μῦθον
1164 2607 1320 2688 άκοόσας,

279 2710 338 2778 καί
360 2709 391 2800 ῥ’
413 2711 446 2792 ἐς
466 2713 591 2797 μέσσον
613 2711 670 2780 ίιδν
697 2711 817 2801 Τριόων
838 2711 989 2802 άνέεερτε
1011 2715 1199 2804 φάλαττας,

278 2814 400 2900 μέσσου
423 2814 540 2904 δουρὸς
561 2811 656 2882 ἑλών·
678 2816 731 2884 τοὶ
755 2812 786 2883 δ’
810 2813 1012 2906 ἱδρύνθησαν
1030 2815 1183 2895 ἅπαντες.

279 2919 328 3005 τηῖ
351 2914 383 2983 δ’
405 2916 642 3001 ἐπετοξάζοντο
664 2919 745 3010 κάρη
768 2917 952 3004 κομόωντες
974 2916 1120 3004 Ἀχαιοί,

240 3043 266 3080 ω
281 3016 382 3088 ἰοῖσίν
403 3045 439 3088 τε
460 3021 688 3108 τιτυσκόμενοι
711 3019 830 3089 λάεσσί
850 3018 880 3086 τ’
904 3017 1049 3106 ἔβαλλον.

280 3119 384 3210 αίτάρ
407 3117 425 3190 ὃ
448 3124 573 3212 μακρὸν
595 3121 676 3194 άυσε
696 3122 801 3203 τάναξ
822 3119 949 3207 ἀνδρῶν
967 3119 1179 3207 Ἀταμέμνων

273 3223 292 3249 “
300 3221 433 3307 ἴσχεσθ’
453 3221 613 3315 Ἀρτεῖοι·
635 3228 679 3318 μή
703 3226 853 3312 βάλλετε,
888 3225 1002 3312 κοῦροι
1014 3221 1172 3306 Ἀχαιῶν·

279 3329 412 3394 στεῦται
434 3327 496 3414 τάρ
518 3355 551 3395 τι
573 3329 678 3408 τόπος
698 3328 822 3419 κερέειν
843 3324 1064 3413 κορυθαίολος
1076 3321 1235 3412 Ἕκτορ’

321 3418 367 3506 ὦς
388 3423 502 3516 ἔφαθ’,
527 3425 564 3496 δι’
584 3427 615 3494 δ’
638 3425 772 3511 ἔσχοντο
793 3429 898 3519 μάχης
920 3423 1003 3494 άνεοί
1024 3453 1062 3494 τε
1081 3425 1213 3494 σίνοντο

239 3551 265 3590 ω
280 3527 470 3610 ἐσσυμένως.
507 3527 634 3616 Ἕκτωρ
658 3531 694 3597 δὲ
715 3527 788 3614 μετ’
810 3527 1049 3618 ἀμφοτέροισιν
1069 3525 1200 3594 ἔτειπιν

274 3626 434 3696 ’(κέκλυτέ
455 3655 530 3714 μευ,
559 3633 668 3718 Τρῶες
689 3632 746 3699 καὶ
768 3629 961 3720 ἐυκνήμιδες
982 3627 1127 3713 Ἀχαιοί,

279 3733 387 3814 μῦθον
409 3727 654 3819 Ἀλεξάνδροιο,
676 3741 734 3800 τοῦ
757 3734 865 3800 εἵνεκα
887 3740 992 3813 νεῖκος
1014 3729 1145 3820 όρωρεν.Ι

280 3828 399 3912 άλλσυς
420 3833 478 3916 μὲν
500 3833 629 3900 κέλεται
658 3837 772 3921 Τρῶας
792 3833 849 3900 καὶ
872 3835 1000 3914 πάντας
1022 3831 1176 3918 Ἀχαιούς

280 3933 395 4014 τείχεα
418 3931 486 4000 κάλ’
511 3932 713 4004 ἀποθέσθαι
736 3935 793 4004 ἐπὶ
817 3937 915 4018 χθονὶ
937 3934 1192 4025 πουλυβοτείρῃ,

241 4065 267 4103 ω
282 4031 381 4102 αι’τδν
403 4031 437 4102 δ’
459 4033 492 4102 ἐν
513 4035 625 4125 με’σσηι
649 4038 705 4105 καὶ
729 4035 905 4128 άρηίφιλον
927 4037 1100 4104 Μενέλαον

285 4131 377 4215 οἴους
400 4131 484 4225 ἄμφ’
504 4135 612 4228 Ἑλένη·
637 4141 692 4207 καὶ
715 4139 860 4229 κτήμασι
883 4141 968 4208 πᾶσι
989 4138 1173 4224 μάχεσθαι.

280 4233 471 4320 ὁππότερος
494 4238 532 4304 δέ
552 4263 589 4304 κε
610 4241 725 4332 νικήση
748 4239 908 4328 κρείσσων
928 4266 965 4307 τε
985 4239 1131 4330 πίνηται,

280 4335 429 4425 κτήμαθ’
450 4336 532 4405 ὲλιδν
554 4339 588 4407 δι”
612 4341 721 4408 πάντα
743 4341 879 4408 τυναῖκά
902 4366 938 4408 τε
958 4339 1088 4410 τοίκαδ
1113 4337 1265 4410 άτέσθω·

280 4433 312 4504 οἳ
361 4435 486 4509 ’άλλοι
510 4439 673 4530 φιλότητα
694 4443 751 4510 καὶ
775 4439 873 4529 ὅρκια
896 4443 1001 4510 πιστά
1023 4443 1205 4530 τάμωμεν.”
