3084 5190
286 343 331 410 34
695 343 718 390 2.
757 337 979 390 ΙΛΙΑΔΟΣΒ

287 494 321 564 ἒν
341 494 436 585 νήυσί
456 497 643 585 τλαφυρῇσι
667 490 766 584 φίλην
787 491 822 572 ἐς
843 488 992 579 πατρίδα
1012 495 1120 558 ταῖαν.

193 627 197 634 ’
231 612 271 653 4⁵⁹
328 591 457 679 τῶνδ’,
482 593 527 676 ῶς
547 592 578 661 τ’
603 592 746 683 ὀρνίθων
767 597 931 684 πετεηνῶν
951 593 1074 662 τέθνεα
1096 593 1218 675 πολλά,

285 699 390 788 χηνῶν
411 691 434 787 ἢ
453 696 596 786 τεράνων
618 693 640 787 ἢ
661 696 785 764 κύκνων
808 694 1073 787 δουλιχοδείρων,

287 796 391 890 Ἀσίῳ
414 797 448 868 ἐν
468 801 619 886 λειμῶνι,
643 796 832 887 Καϋστρίου
856 794 945 888 όμῳί
967 798 1106 888 ῥέεθρα,

287 897 372 968 ἔνθα
394 903 451 968 καί
473 897 558 969 ἔνθα
579 903 748 969 ποτῶνται·
772 897 979 985 άταλλόμενα
1001 898 1227 988 πτερότεσσιν,

286 1003 468 1094 κλαττήδδν
489 1002 778 1090 προκαθιζόντων,
800 1007 963 1090 σμαρατεῖ
985 1002 1024 1068 δέ
1044 1026 1081 1068 τε
1102 1001 1238 1087 λειμῶν,

287 1097 333 1184 ὧς
352 1113 418 1172 τῶν
437 1104 560 1174 τίθνεα
582 1105 691 1173 πολλά
713 1107 791 1172 νεῶν
813 1100 884 1172 άπο
907 1103 964 1170 καί
986 1105 1146 1172 κλισιάων

233 1231 273 1272 ιιι
287 1206 322 1286 ἐς
343 1205 462 1274 πεδίον
483 1207 663 1294 προχέοντο
684 1206 926 1292 Σκαμάνδριον,
950 1199 1053 1296 αῦτάρ
1075 1203 1142 1274 ὑπὸ
1161 1205 1254 1292 χθυίν

288 1308 489 1396 σμερδαλέον
510 1308 664 1396 κονάβιζε
687 1310 801 1376 ποδῶν
823 1305 930 1375 αὐτῶν
949 1333 985 1375 τε
1007 1309 1064 1375 καὶ
1086 1309 1212 1376 ἵππων.

288 1406 386 1476 ἔσταν
408 1406 440 1476 δ’
463 1408 497 1477 έν
519 1411 655 1495 λειμῶνι
676 1407 893 1498 Σκαμανδρίῳ
917 1408 1114 1495 ἀνθεμόεντι

288 1507 415 1599 μυρίοι,
438 1507 524 1579 όσσα
545 1537 581 1578 τε
602 1511 709 1602 φόλλα
731 1512 788 1578 καὶ
811 1507 918 1580 άνθεα
938 1509 1086 1579 τίτνεται
1108 1511 1186 1600 ὥρῃ.

235 1643 277 1684 ιιι
332 1613 409 1692 τοῦς
431 1609 474 1694 δ’,
497 1612 542 1694 δίς
562 1611 594 1680 τ’
618 1611 761 1684 αἰπόλια
784 1610 899 1682 πλατέ’
923 1611 1024 1680 αἰτῶν
1045 1611 1184 1682 αίπόλοι
1210 1609 1327 1700 δίνδρες

289 1717 361 1802 ῥεῖα
384 1712 608 1804 διακρίνωσιν,
632 1714 710 1783 έπεί
732 1741 768 1782 κε
790 1724 881 1804 νομῷ
902 1715 1077 1800 μιτέωσιν,

289 1806 333 1895 ὦς
353 1816 430 1895 τοῦς
452 1813 607 1904 ἦνεμόνες
630 1816 821 1901 διεκόσμεον
842 1814 927 1884 ἔνθα
949 1819 1005 1884 καί
1028 1813 1114 1884 ἔνθα

288 1915 457 2008 ῦσμίνήνδ
483 1917 581 2000 ἱέναι,
605 1919 688 2002 μετά
711 1917 749 1984 δέ
772 1916 888 2006 κρείων
909 1914 1137 2003 Ἀταμέμνων,

288 2015 421 2104 όμματα
443 2019 500 2086 καί
521 2021 664 2110 κεφαλήν
687 2016 795 2100 ίκελος
817 2022 879 2088 Διὶ
900 2020 1159 2108 τερπικεραύνῳ,

286 2116 379 2212 ’Άρει
402 2120 441 2189 δὲ
464 2121 576 2212 ζιόνήν,
600 2122 727 2208 στέρνον
749 2121 786 2188 δέ
806 2120 1027 2188 Ποσειδάωνι.

235 2243 275 2284 ιιι
332 2219 451 2289 ἔσπετε
473 2225 525 2289 νῦν
545 2249 621 2308 μοι,
644 2225 767 2306 μοῦσαι
785 2219 953 2307 Ὀλόμπια
975 2219 1100 2308 δώματ’
1122 2220 1272 2306 ἔχουσαι,

290 2319 400 2408 (ὑμεῖς
420 2325 483 2410 τδρ
505 2321 588 2390 θεαί
610 2323 852 2413 δστε,πιίρεστέ
873 2349 910 2390 τε
930 2322 1024 2392 είστε
1045 2351 1081 2392 τε
1103 2325 1228 2408 πάντα,

287 2421 382 2514 ἡμεῖς
405 2425 441 2492 δέ
464 2425 557 2503 κλέος
580 2418 650 2493 οίον
673 2423 846 2510 άκοόομεν,
871 2424 950 2494 οόδέ
970 2453 1005 2520 τι
1026 2425 1157 2511 τίδμεν)

289 2527 325 2593 οἵ
343 2551 430 2604 τινες
451 2524 608 2615 ήνεμόνες
630 2529 769 2594 Δαναῶν
791 2529 848 2594 καί
871 2526 1020 2617 κοίρανοι
1043 2521 1134 2618 ήσαν.

288 2627 421 2715 πληθὺν
444 2623 474 2692 δ’
499 2624 557 2694 οὐκ
578 2623 618 2694 άν
638 2627 703 2694 ’έτυλ
724 2628 922 2718 μυθήσομαι
946 2625 1016 2697 οὐδ’
1040 2627 1203 2720 ὀνομήνω,

170 2809 172 2816 Ι
289 2723 360 2794 οὐδ’
384 2723 420 2793 εἴ
436 2754 497 2814 μοι
520 2728 600 2797 δέκα
621 2729 680 2815 μέν
700 2731 849 2799 τλῶσσαι
872 2732 954 2800 δέκα
977 2730 1014 2799 δέ
1037 2729 1177 2817 στόματ’
1200 2727 1278 2814 εἷεν,

235 2865 275 2904 490
288 2829 380 2918 φωνή
404 2825 437 2895 δ’
461 2826 634 2920 άρρήκτος,
656 2831 791 2914 χάλκεον
813 2833 929 2919 δόμοι
952 2825 1032 2923 ήτορ
1054 2832 1148 2924 ένείή.

234 2953 273 2990 ιιι
331 2933 490 2998 Βοιωτῶν
510 2933 569 3018 μὲν
590 2934 760 3022 Πηνέλεως
781 2934 839 3001 καί
861 2935 992 3022 Λήιτος
1013 2929 1111 3024 ἦρχον

289 3029 504 3119 Ἀρκεσίλαός
524 3059 560 3102 τε
581 3036 789 3124 Προθοήνωρ
809 3061 845 3103 τε
868 3035 1011 3117 Κλονίος
1032 3063 1080 3118 τε,

320 3213 370 3264 455
388 3207 451 3278 ἠύτε
464 3205 521 3286 τἰῦρ
534 3211 669 3282 ιίτίδηλον
681 3217 828 3286 ἐπιᾳλέτει
840 3212 968 3271 άσπειον
981 3211 1045 3282 ὕλην

388 3295 486 3363 υῦρεος
497 3300 527 3352 έν
538 3303 675 3372 κορυῳής,
688 3303 809 3355 εέκαθεν
820 3303 855 3355 δέ
864 3319 891 3354 ’τε
904 3306 1032 3372 (μαίνεται
1047 3297 1129 3370 αὐτή,

388 3369 425 3438 τίς
436 3384 492 3435 τιῦν
504 3383 665 3454 ἐρχομένων
676 3382 735 3437 άπὸ
746 3387 853 3454 χαλκοῦ
865 3391 1035 3440 θεσπεσίοιο

387 3467 468 3530 αίτλη
482 3465 682 3537 παμφανόωσα
695 3466 736 3521 δι’
751 3471 867 3543 αίθέρος
878 3469 999 3541 οὐρανὸν
1010 3465 1078 3525 ἷκεν.

321 3548 371 3598 469
391 3543 452 3614 ήότε
465 3547 576 3620 μυιάων
587 3549 715 3607 ἁδινάων
725 3555 828 3607 τέθνειι
840 3553 946 3621 πολλά,

388 3633 455 3685 ιιλτε
468 3631 535 3687 κατά
549 3636 681 3707 σταθμὸν
693 3635 849 3708 ποιμνήιον
861 3638 1036 3708 ἠλάσκουσιν

388 3712 446 3789 ῶρή
459 3717 490 3773 ίν
500 3722 638 3794 νειαρινή,
652 3715 698 3776 ὅτε
711 3741 738 3776 τε
750 3720 855 3783 πλάτος
867 3722 957 3780 άτνεα
970 3725 1056 3788 δεύει,

388 3798 489 3855 τόσσοι
501 3803 550 3856 ἐπὶ
563 3803 690 3876 Τρώεσσι
703 3804 774 3878 κάρη
788 3807 944 3880 κομόωντες
958 3807 1069 3882 Ἀχαιοί

388 3885 419 3937 ίν
431 3886 520 3954 πεδίῳ
534 3891 660 3956 ίστιινιο,
674 3892 835 3967 διαρραῖσαι
848 3899 1001 3967 μεμαῶτες.

321 3971 370 4020 480
389 3965 451 4035 ήῦτε
462 3973 528 4036 βοῦς
540 3971 658 4046 άτίλῳμ
672 3975 739 4048 μέτ’
754 3978 849 4049 ἔξοχος
859 3981 959 4035 ἔπλετο
972 3977 1087 4038 πάντων

385 4054 484 4124 ταῦρος
496 4051 525 4118 (ὃ
541 4055 597 4128 κάρ
609 4077 638 4112 τε
650 4057 746 4127 βόεσσι
759 4068 935 4134 μεταπρέπει
948 4063 1170 4142 άτρομίιῃσιν),

387 4143 465 4191 τοῖον
476 4135 523 4212 ἄρ’
539 4139 681 4212 Ἀτρείδην
693 4147 761 4210 θῆκε
773 4145 843 4206 Ζεῦς
854 4146 938 4220 ἤματι
950 4156 1045 4220 κείνῳ,

386 4221 520 4294 ἐκπρεπέ’
534 4225 565 4280 ίν
576 4229 707 4283 πολλοῖσι
721 4233 769 4284 καὶ,
780 4231 879 4300 ἔξοχον
889 4231 1037 4308 ἡρώεσσιν.

319 4308 366 4358 491
388 4309 412 4359 εί
422 4304 461 4378 μὴ
473 4304 660 4380 Ὀλυμπιάδες
670 4317 787 4385 μοῦσαι,
802 4316 872 4376 Διὸς
884 4318 1029 4388 αίτιόχοιο

386 4393 544 4464 θναατέρες,
557 4398 716 4464 μνησαίαθ’
731 4395 798 4453 ὅσοι
811 4396 867 4453 ῦπδ
882 4405 977 4458 ῦίλιον
987 4397 1086 4472 ἦλθον.

387 4473 492 4545 άρχοῦς
502 4471 536 4532 αῦ
549 4485 623 4546 νιμῦν
633 4486 720 4556 κερέαν
731 4482 800 4550 νῆάς
811 4501 841 4538 τε
853 4485 1016 4556 προπάσας.
