3084 5190
1213 307 1235 374 5

231 478 280 532 μις
295 459 342 511 καλ
360 455 449 524 Λητώ
464 451 543 528 Ἀρης
559 473 588 511 τε
604 459 651 511 καὶ
666 455 862 535 Σκάμανδρος.
887 462 1008 518 Αἰνείαν
1023 461 1054 516 δὲ
1070 461 1241 520 ἀντιστάντα

233 541 352 614 Ἀχιλλεῖ
370 540 453 604 σώζει
469 541 621 597 Ποσειδῶν
631 545 733 617 νεφέλῃ
746 544 881 616 καλύψας.
907 544 1044 618 Ἀχιλλεὺς
1056 546 1088 602 δὲ
1099 543 1199 609 ἄλλους
1210 567 1240 604 τε

232 628 344 700 άναιρεῖ
357 629 404 681 καλ
420 625 595 700 Πολύδωρον
611 627 662 682 τόν
678 627 812 702 Πριάμου
829 631 928 684 παῖδα.
948 629 1051 705 Ἕκτωρ
1064 633 1095 686 δὲ
1109 630 1242 695 ἀντιστάς

232 710 306 783 αὐτῷ
322 711 431 784 φεὺι-ει,
445 709 620 772 Ἀπόλλωνος
636 710 781 773 σώσαντος
798 711 893 770 αὐτόν.
919 718 985 776 τοὺς
997 717 1029 770 δὲ
1041 713 1141 777 ἄλλους
1154 715 1242 789 Ἀχιλ-

231 799 295 859 λεὺς
304 798 353 852 ἐπὶ
365 798 417 866 τὴν
429 797 514 852 πόλιν
526 795 684 869 φεάνοντας
696 805 863 852 κατεπείτει.

137 928 174 987 Φ.
217 917 307 1010 μάχη
323 916 592 1008 παραποτάμιος.
1253 943 1291 1006 21

200 1045 257 1098 τών
270 1039 376 1117 Τρώων
392 1042 432 1100 είς
448 1037 501 1092 δόο
519 1039 721 1109 διαιρεθέντων
731 1042 810 1112 μέρη,
825 1039 890 1100 τοὺς
900 1041 955 1115 μίν
968 1041 1007 1100 είς
1019 1039 1068 1110 τὴν
1080 1040 1167 1097 πόλιν
1177 1042 1242 1104 τοὺς

230 1127 264 1181 δέ
284 1129 324 1186 είς
340 1125 391 1180 τόν
401 1121 736 1199 ΣκάμανδρονἈχιλλεδς
752 1123 861 1188 διώκει,
880 1129 926 1179 καὶ
938 1123 1060 1179 δεκαδύο
1072 1133 1183 1186 νεανίας
1192 1130 1240 1190 ζα-

230 1215 296 1284 τρεῖ
314 1213 355 1272 είς
379 1209 483 1278 ποινὴν
499 1207 676 1281 Πατρόκλου,
695 1209 746 1265 τὸν
761 1209 793 1263 δὲ
809 1208 945 1282 Πριάμου
961 1209 1024 1264 υίὸν
1040 1209 1179 1266 Λυκάονα
1195 1214 1241 1266 καλ

234 1293 438 1370 Ἀστεροπαῖον
454 1291 571 1366 άναιρεῑ.
603 1295 699 1349 ἔπειτα
714 1296 764 1348 τοῦ
782 1297 914 1366 ποταμοῦ
932 1293 1131 1367 πλημόραντος
1146 1296 1240 1352 κινδυ-

233 1380 351 1438 νεάοντα
363 1376 450 1436 αὐτόν
461 1375 716 1452 σώζειἭιμαιστος,
729 1377 877 1454 ἐμπρήσας
888 1380 941 1435 τόν
952 1379 1139 1452 ποταμόνκαλ
1150 1381 1181 1436 τό
1191 1401 1240 1437 πε·

232 1467 305 1520 δίον.
326 1463 398 1538 μετά
415 1467 501 1518 ταῦτα
518 1467 594 1519 θεῶν
611 1463 690 1536 μάχη
702 1469 808 1519 πίνεται
820 1463 893 1536 πρός
904 1462 1045 1534 ἀλλήλους.
1073 1465 1195 1536 Ἀχιλλέα
1208 1467 1239 1521 δὲ

234 1547 383 1605 Ἀπόλλων,
394 1553 479 1620 είργει
494 1545 621 1621 Ἀτὴναρι
635 1547 800 1620 όμοιωθείς,
818 1551 864 1603 καλ
876 1547 990 1620 φεάπων
1002 1549 1134 1620 ἐξαπατᾷ,
1148 1550 1198 1612 ἕως
1211 1554 1241 1604 ol

235 1639 326 1708 Τρῶες
338 1631 523 1696 διασώζονται
535 1638 574 1694 εἰς
586 1632 636 1702 τὴν
647 1632 740 1688 πάλιν.

134 1764 175 1823 Χ.
212 1753 372 1842 ’Έκτορος
386 1749 563 1843 άναίρεσις.
1254 1763 1295 1826 22

200 1881 256 1933 τών
272 1875 377 1948 Τρώων
396 1877 617 1932 έι-κλεισδέντων
637 1878 676 1936 είς
696 1875 746 1945 τὴν
762 1874 848 1932 πόλιν
862 1874 952 1947 μόνος
963 1871 1066 1948 Ἕκτωρ
1085 1875 1242 1948 ὑπομείνας

235 1961 359 2035 Ἀχιλλέα
372 1962 403 2016 τό
415 1961 470 2034 μὲν
482 1964 596 2033 πρῶτον
607 1959 714 2033 φεόνει,
728 1961 824 2015 ἔπειτα
837 1961 867 2015 δὲ
880 1957 1050 2015 ἀνθίσταται
1062 1957 1181 2028 Ἀθηνᾶς
1192 1961 1240 2015 αό-

233 2049 284 2104 τὸν
295 2045 433 2114 πεισάσης
444 2051 490 2100 καλ
502 2046 665 2118 ἀναιρεῖται.
690 2044 797 2114 ἐξάψας
808 2045 839 2099 δὲ
852 2043 939 2100 αὐτὸν
950 2048 999 2098 τοῦ
1013 2040 1138 2116 ἅρματος
1151 2047 1240 2118 Ἀχιλ-

233 2133 296 2194 λεὺς
316 2130 364 2185 διά
380 2133 431 2185 τοῦ
448 2133 550 2186 πεδίου
567 2132 615 2185 δπλ
633 2130 683 2185 τόν
699 2127 885 2200 ναύσταθμον
899 2129 978 2182 ἐ’λκει.
1011 2132 1040 2182 οἱ
1057 2129 1087 2182 δὲ
1105 2129 1174 2183 κατά
1192 2130 1242 2199 τὴν

234 2219 318 2274 πάλιν
329 2215 480 2291 ὀδύρονται
491 2219 576 2270 ταῦτα
589 2215 707 2286 ὁρῶντες
718 2214 948 2284 έτκεκλεισμένοι.

142 2343 177 2404 Ψ.
222 2330 315 2404 ἆθλα
329 2335 391 2406 ἐπὶ
404 2333 596 2425 Πατρόκλῳ.
1253 2347 1295 2410 23

203 2456 342 2530 Ἀχιλλεὺς
357 2461 412 2513 τῶν
427 2457 640 2529 νενομισμένων
651 2456 697 2510 ἐπὶ
711 2460 771 2514 τοῖς
782 2459 891 2527 νεκροῖς
900 2455 1075 2528 μεταδίδωσι
1086 2452 1240 2526 Πατρόκλῳ

232 2539 406 2616 τυραννήσας
421 2545 468 2597 καὶ
480 2539 590 2614 σφάξας
602 2539 644 2596 ἐπ’
658 2537 732 2608 αὐτῷ
745 2538 914 2593 δυοκαίδεκα
927 2539 1070 2611 Τρωικοὺς
1079 2543 1242 2599 νεανίσκους

232 2633 278 2684 καλ
291 2627 374 2689 κύνας
385 2632 431 2682 καὶ
444 2631 553 2686 ἵππους
563 2630 610 2680 καί
623 2621 691 2680 άλλα
705 2628 799 2698 ίερεῖα.
822 2625 918 2678 ἔπειτα
927 2628 972 2678 καί
982 2621 1076 2678 άνάινιι
1086 2623 1242 2694 ἐπιτάφιον

234 2721 320 2778 ποιεῖ,
333 2715 365 2769 έν
375 2701 399 2783 ᾧ
410 2715 473 2782 νικᾷ
486 2715 589 2772 ἵπποις
599 2711 654 2783 μέν
664 2706 820 2782 Διομήδης,
834 2707 935 2783 δρόμῳ
947 2709 977 2763 δὲ
988 2706 1147 2772 Ὀδυσσεύς,
1161 2705 1241 2764 ἄλλοι

233 2799 264 2854 δὲ
277 2794 378 2858 άλλως·
390 2801 436 2853 καλ
449 2793 537 2857 οὕτως
549 2795 565 2850 ό
577 2793 655 2850 ἀπών
665 2792 815 2850 διαλύεται.
834 2849 850 2870 ·

138 2924 174 2988 Ω.
209 2917 366 3006 ’Έκτορος
379 2915 489 3005 λύτρα.
1255 2932 1296 2996 24

202 3039 271 3102 Ζεὺς
282 3033 577 3112 κηδόμενοςἝκτορας
588 3039 671 3092 Θέτιν
676 3036 730 3110 μίν
739 3035 812 3110 πρὸς
822 3035 945 3106 Ἀχιλλέα
954 3039 1070 3110 πέμπει,
1081 3031 1159 3096 ὅπως
1168 3036 1240 3090 ιἰπα·

235 3127 277 3196 δώ
294 3128 345 3179 τοῦ
361 3121 450 3195 ἥρωος
462 3123 493 3177 τό
507 3126 597 3194 σῶμα,
606 3115 676 3196 Ἰριν
688 3121 718 3176 δὲ
730 3120 806 3193 πρὸς
817 3125 957 3195 Πρίαμον,
972 3116 1050 3181 ὅπως
1060 3117 1146 3194 λότρα
1159 3125 1242 3192 κομί-

235 3225 287 3272 σας
301 3207 422 3281 Ἀχιλλεῖ
435 3207 487 3262 τόν
501 3206 603 3280 νεκρὸν
617 3208 668 3260 τοῦ
686 3206 790 3266 παιδὸς
801 3201 939 3278 ἀπολάβῃ.
965 3199 1025 3258 3δὲ
1038 3208 1242 3275 προπεμφθείς

235 3294 293 3350 άπὸ
312 3293 423 3367 Ἑρμοῦ,
439 3296 624 3363 κοιμίσαντος
639 3289 705 3351 τοὺς
718 3287 892 3357 Ἑλληνικοὺς
907 3286 1043 3361 φύλακας,
1058 3295 1241 3360 παρατίνεται

235 3379 308 3450 πρός
319 3379 371 3435 τὸν
384 3375 515 3448 Ἀχιλλέα,
529 3380 575 3431 καλ
589 3374 731 3438 ίκετεάσας
742 3372 829 3432 αὐτὸν
840 3371 1037 3445 ἀπολαμβάνει
1049 3372 1100 3428 τόν
1112 3370 1181 3436 υίόν,
1195 3377 1241 3427 καλ

234 3461 410 3536 ἀνακομίσας
421 3467 461 3525 είς
471 3461 522 3530 τὴν
533 3460 620 3517 πάλιν
631 3459 738 3517 δάπτει
748 3463 795 3516 καὶ
807 3455 849 3516 ἐπ’
865 3455 940 3527 αὐτῷ
952 3458 1072 3513 δεῖπνον
1083 3453 1155 3512 άεει.
