3130 5192
576 339 618 388 12.
655 337 843 390 muoz
862 337 891 388 Μ

174 486 291 560 εἴσατο
311 489 374 580 τδρ
396 490 480 582 νηῶν
501 487 557 558 ἐπ’
582 485 754 580 ἀριστερά,
775 493 817 581 τῇ
840 515 903 580 περ
925 488 1060 576 Ἀχαιοί

175 593 212 662 ἐκ
234 591 354 661 πεδίου
376 588 528 662 νίσσοντο
550 594 608 660 σύν
629 595 792 661 ἵπποισιν
812 593 871 661 καί
893 589 1043 686 λίχεσφιν·

122 725 162 766 ιιι
176 697 218 786 τῇ
240 691 272 784 ρ’
294 697 422 776 ἵππους
442 719 479 764 τε
500 696 558 763 καὶ
580 694 671 783 ἀρμα
694 695 862 784 διήλασεν,
886 693 963 765 οὑδὲ
985 697 1129 791 πύλῃσιν

174 789 241 885 εὗρ’
264 796 516 883 ἐπικεκλιμένας
537 795 675 878 σανίδας
695 799 754 866 καί
775 797 901 886 μακρόν
924 796 1020 890 ὀχῆα,

174 895 243 966 ἀλλ’
266 893 544 985 ἀναπεπταμένας
566 897 638 984 έχον
660 897 786 989 ἀνέρες,
809 899 845 969 εἴ
862 899 928 968 τιν’
950 900 1090 993 ἑταίρων

174 999 210 1068 ἐκ
232 1001 381 1087 πολέμου
403 1002 567 1094 φεύτοντα
589 1002 756 1071 σαώσειαν
776 1004 860 1088 μετὰ
882 1005 969 1094 νῆας.

174 1105 214 1194 τῇ
237 1099 269 1193 ρ’
292 1099 370 1184 ῖθὺς
392 1105 540 1194 φρονέων
562 1107 692 1186 ἵππους
713 1102 779 1189 ἔχε,
802 1105 858 1173 τοί
881 1102 914 1172 δ’
938 1103 998 1191 ἅμ’
1022 1106 1144 1175 ἕποντο

120 1231 161 1272 ιιε
176 1201 254 1287 ὀξέα
276 1207 490 1296 κεκληνῶτες·
513 1203 636 1298 ἔφαντο
656 1210 719 1294 τδρ
743 1204 852 1276 οὐκέτ’
873 1204 1031 1291 Ἀχαιούς

174 1304 338 1397 σχήσεσθ’
360 1305 429 1376 ἀλλ’
452 1308 487 1377 ἐν
508 1309 603 1400 νηυσί
623 1308 816 1400 μελαίνῃσιν
838 1309 1025 1380 πεσέεσθαι

174 1409 301 1498 νήπιοι.
346 1409 381 1478 ἐν
403 1410 441 1479 δέ
464 1410 590 1503 πύλῃσι
612 1409 664 1480 δύ’
687 1407 804 1501 ἀνέρας
824 1405 917 1499 εὗρον
938 1409 1106 1501 ἀρίστους,

175 1503 249 1594 υίας
270 1508 485 1601 ὑπερθύμους
506 1513 709 1582 Λαπιθάων
731 1511 933 1604 αἰχμητάων,

175 1616 232 1684 τόν
251 1615 310 1701 μὲν
330 1614 522 1700 Πειριθόου
544 1606 602 1682 υἷα
624 1617 780 1705 κρατερόν
800 1614 1027 1707 Πολυποίτην,

122 1747 162 1786 ιω
176 1717 234 1784 τόν
256 1716 294 1784 δέ
315 1719 473 1808 Λεοντῆα
494 1719 700 1808 βροτολοιτῶ
720 1723 814 1787 τῖσον
833 1714 942 1809 Ἄρηι.

175 1819 222 1885 τιδ
244 1817 304 1904 μὲν
326 1813 392 1906 άρα
414 1816 635 1909 προπάροιθε
656 1821 792 1888 πυλάων
813 1818 973 1910 ὑψηλάων

177 1919 319 1988 ἕστασαν
339 1915 385 2000 ῶς
407 1917 461 1988 ὅτε
481 1946 518 1988 τε
539 1921 634 2008 δρύες
656 1919 786 2010 ούρεσιν
806 1917 1020 2012 ὑψικάρηνοι,

176 2024 215 2089 αῖ
234 2017 267 2089 τ’
291 2017 413 2106 ἀνεμσν
432 2018 593 2107 μίμνουσι
614 2022 673 2088 καί
693 2018 786 2092 ὑετὸν
806 2021 918 2114 ήματα
939 2025 1063 2105 πάντα,

178 2123 306 2214 ῥίζῃσιν
327 2123 491 2214 μετάλῃσι
515 2121 717 2214 διηνεκέεσσ’
740 2121 911 2215 ἀραρυῖαι·

122 2259 162 2298 ιω
177 2219 222 2308 ῶς
243 2223 308 2316 ἀρα
329 2225 376 2292 τιὺ
397 2223 543 2313 χείρεσσι
566 2225 777 2308 πεποιθότες
797 2224 858 2316 ήδέ
879 2225 998 2318 βίηφιν

176 2327 293 2415 μίμνον
314 2326 532 2413 ἐπερχόμενον
552 2327 658 2414 μένον
677 2324 805 2410 Ἄσιον,
829 2325 906 2398 ούδέ
927 2330 1079 2420 φέβοντο.

178 2427 216 2499 ύί
235 2427 267 2499 δ’
290 2427 370 2511 ίθὺς
392 2431 479 2519 πρὸς
499 2435 605 2514 τεῖχος
627 2429 799 2519 ἐύδμητον,
822 2429 905 2516 βόας
927 2427 1009 2513 σύας

176 2529 282 2622 ὑψόσ’
304 2530 535 2618 ἀνασχόμενοι,
559 2530 651 2601 ἔκιον
670 2531 803 2620 μετάλῳ
827 2529 980 2623 ἀλαλητῷ

177 2632 293 2704 ’Ἀσιον
316 2633 405 2724 ἀμφὶ
425 2635 573 2702 νάνακτα
595 2633 652 2702 καί
672 2632 818 2720 Ἰαμενδν
839 2635 896 2702 καί
917 2631 1068 2726 Ὀρέστην

125 2769 165 2808 ιιι
177 2735 340 2828 Ἀσιάδην
359 2734 389 2803 τ’
412 2733 604 2822 Ἀδάμαντα
627 2736 745 2806 Θόωνά
766 2761 803 2803 τε
823 2736 1008 2823 Ρσινόμαόν
1028 2763 1073 2806 τε.

179 2836 216 2908 οἳ
235 2837 268 2908 δ’
291 2833 311 2928 ή
333 2865 388 2908 τοι
410 2843 486 2920 εἵως
506 2840 568 2924 μέν
588 2838 787 2928 ἐυκνήμιδας
809 2835 963 2924 Ἀχαιούς

178 2938 300 3030 ῶρνυον
321 2939 412 3010 ἔνδον
433 2941 540 3022 ἐόντες
562 2935 750 3024 ἀμύνεσθαι
774 2939 851 3028 περὶ
874 2948 972 3031 νηῶν·

179 3041 281 3132 αύτδρ
304 3044 380 3113 ἐπεί
403 3045 443 3132 δή
465 3049 572 3125 τεῖχος
593 3039 836 3125 ἐπεσσυμένους
856 3040 995 3131 ἐνόησαν

184 3148 310 3232 Τρῶας,
334 3143 417 3234 ἀτὰρ
440 3145 580 3214 Δαναῶν
600 3144 711 3210 πίνετο
732 3141 832 3232 ειαχή
852 3167 890 3210 τε
911 3143 1019 3233 φόβος
1039 3169 1089 3227 τε,

103 3247 164 3315 ἰα
179 3249 215 3316 ἐκ
237 3248 274 3316 δὲ
296 3249 343 3316 τιό
367 3246 498 3330 ἀίξαντε
519 3245 656 3314 πυλάων
677 3241 811 3333 πρόσθε
831 3243 1016 3334 μαχέσθην,

179 3349 389 3440 ἀνρατὲροισι
411 3350 527 3419 σύεσσι
549 3347 734 3428 τεεοικότε,
756 3345 803 3414 τά
824 3343 853 3413 τ’
877 3346 912 3414 ἐν
933 3343 1064 3436 όρεσσιν

179 3451 305 3544 ἀνδρῶν
326 3450 385 3544 ήδέ
406 3453 508 3520 κυνῶν
529 3451 665 3534 δέχαται
687 3450 884 3539 κολοσυρτὸν
906 3447 1010 3532 ἐόντα,

179 3555 290 3642 δοχμώ
311 3553 343 3622 τ’
365 3552 518 3624 ἀίσσοντε
541 3553 618 3641 περὶ
641 3551 740 3643 σφίσι
762 3551 919 3620 εάτνατον
939 3551 1030 3643 ὕλην,

179 3661 326 3749 πρυμνήν
347 3657 570 3744 ἐκτάμνοντες,
593 3652 679 3725 ὑπαί
702 3655 740 3724 δέ
758 3681 795 3723 τε
817 3655 948 3741 κόμπος
970 3653 1113 3724 ὀδόντων

124 3793 164 3833 ιω
177 3759 339 3844 τίινεται,
362 3759 410 3840 είς
431 3759 451 3828 ό
472 3759 510 3827 κε’
529 3757 582 3839 τίς
602 3785 638 3826 τε
658 3759 769 3846 βαλκὺν
790 3758 826 3826 ἐκ
848 3759 958 3843 θυμδν
981 3757 1105 3848 έληται.

178 3855 224 3944 ῶς
243 3867 309 3932 τῶν
329 3860 454 3948 κόμπει
475 3862 597 3943 χαλκός
619 3860 678 3928 ἐπί
701 3861 865 3950 στήθεσσι
887 3861 1025 3952 φαεινός

179 3963 276 4056 ἀντην
297 3964 519 4052 βαλλομένων·
541 3963 630 4048 μάλα
650 3965 712 4052 πάρ
734 3963 896 4050 κρατερῶς
918 3961 1092 4048 ἐμάχοντο,

177 4069 307 4136 λαοῖσιν
328 4066 530 4153 καθύπερθε
551 4065 764 4144 πεποιθότες
786 4061 845 4152 ήδέ
865 4064 993 4156 βίηφιν.

179 4167 215 4239 όί
232 4163 265 4239 δ’
288 4166 352 4259 ἀρα
373 4165 603 4257 χερμαδίοισιν
624 4165 794 4254 ἐυδμήτων
816 4161 887 4233 ἀπό
909 4168 1041 4256 πύρνων

123 4299 162 4340 ιεε
177 4272 313 4360 βάλλον,
337 4268 534 4357 ἀμυνόμεναι
558 4269 651 4358 σφῶν
671 4264 703 4333 τ’
726 4263 832 4334 αύτῶν
853 4270 909 4336 καί
932 4271 1095 4341 κλισιάων

176 4377 260 4464 νηῶν
280 4371 311 4441 τ’
334 4369 525 4458 ῶκυπύρων.
570 4367 709 4460 νιφάδες
731 4365 763 4435 δ’
787 4363 832 4449 ὑίς
854 4376 979 4442 πῖπτον
999 4369 1107 4462 ἔραζε,

178 4475 218 4560 ἀς
238 4473 270 4544 τ’
292 4473 409 4562 ἀνεμος
430 4473 523 4566 ζαής,
545 4472 646 4564 νέφεα
667 4469 821 4540 σκιόεντα
844 4473 1003 4566 δονήσας,
