3148 5194
587 321 628 368 ιε.
665 317 894 374 ιιιεαοτο
1226 320 1291 387 241

184 467 333 538 νίν-νιται
354 465 484 538 ὁππότ’
505 467 586 561 ἀνήρ
607 469 746 554 σθένεος
766 471 971 560 πετρούμενος
991 466 1079 566 ήσιν.

130 571 226 662 εωτῇ
248 568 279 660 ῤ’
303 571 340 639 οῖ
357 597 396 639 τε
417 569 597 664 προχέοντο
619 573 847 666 φαλατιηδόν,
868 575 937 663 πρδ
959 571 992 642 δ’
1013 573 1188 644 Ἀπόλλων

184 668 287 741 αίνῖδ
311 667 392 756 ἔχων
413 671 586 763 ἐρίτιμον·
612 671 725 764 ἔρειπε
747 677 785 745 δι’
804 681 912 764 τεῖχος
933 672 1078 764 Ἀχαιῶν

184 779 258 864 ῥεῖα
277 771 367 860 μάλ’,
390 772 436 856 ῶς
457 774 514 844 ὅτε
533 803 586 858 τις
608 775 777 868 ψάμαθον
799 778 882 860 πάις
904 774 982 863 δίε-χι
1002 775 1191 869 θαλάσσης,

185 877 224 958 ός
243 873 275 945 τ’
296 875 374 946 ἐπεὶ
396 870 454 944 οὐν
475 877 603 971 ποιήσῃ
628 875 809 967 ἀθύρματα
831 880 1021 973 νηπιέῃσιν,

186 975 241 1071 ἀψ
264 971 359 1060 αὐτις
380 979 527 1065 συνέχευε
549 982 652 1050 ποσίν
673 981 731 1050 καὶ
751 981 862 1072 χερσῖν
883 978 1028 1073 ἀθύρων.

131 1105 172 1150 εει
185 1074 232 1164 ῶς
253 1089 295 1171 ρα
316 1082 370 1164 σύ,
392 1077 447 1173 ἤιε
470 1089 586 1170 Φοῖβε,
609 1084 714 1152 πολύν
734 1085 882 1171 κάματον
901 1085 959 1154 καὶ
981 1081 1073 1168 ὀιζύν

185 1183 321 1269 ξύνχεας
342 1180 512 1275 Ἀρτείων,
535 1183 666 1256 αὐτοῖσι
688 1187 726 1256 δέ
746 1187 853 1279 φύζαν
873 1187 1024 1277 ἐνῶρσας.

229 1277 275 1368 ῶς
297 1281 335 1354 οῖ
352 1285 414 1373 μὲν
435 1288 528 1376 παρὰ
550 1287 662 1378 νηυσὶν
682 1287 854 1379 ἐρητύοντο
875 1288 1039 1376 μένοντες,

187 1385 361 1478 ἀλλήλοισί
380 1412 418 1456 τε
439 1387 723 1474 κεκλόμενοι,’καῖ
745 1393 834 1460 πᾶσι
854 1397 989 1461 θεαῖσιν

185 1496 297 1581 χεῖρας
318 1484 505 1572 ἀνίσχοντες
525 1487 641 1576 μετάλ’
666 1488 859 1575 εὐχετόωντο
880 1492 1048 1575 τέκαστος.

132 1617 173 1660 ωε
187 1591 325 1681 Νέστωρ
347 1581 426 1659 αὐτο
445 1589 593 1676 μάλιστα
614 1593 784 1684 Γερήνιος,
808 1587 904 1684 οὐρος
927 1591 1081 1679 Ἀχαιῶν,

188 1689 313 1781 εὐχετο,
334 1691 416 1782 χεῖρ’
439 1688 559 1780 ὐρέτων
580 1690 628 1774 είς
649 1691 784 1784 οὐρανόν
806 1692 1010 1788 ἀστερόεντα.

182 1791 274 1862 “Ζεῖ
296 1792 415 1883 πάτερ,
439 1791 475 1862 εἴ
493 1795 578 1864 ποτά
597 1793 649 1877 τίς
669 1821 723 1866 τοι
745 1797 780 1866 δν
797 1793 915 1887 Ἀρτά
935 1822 998 1888 περ
1020 1795 1204 1888 πολυπύρῳ

187 1890 210 1988 ἢ
230 1895 312 1983 βοός
331 1891 354 1986 ἢ
376 1889 450 1976 δίος
470 1897 555 1964 κατά
577 1895 680 1967 πίονα
699 1898 805 1990 μηρία
826 1897 929 1999 καίων

189 1993 299 2082 εῖχετο
321 1999 492 2086 νοστῆσαι,
515 1999 556 2068 σύ
578 1995 611 2066 δ’
633 1996 775 2082 ύπέσχεσ
796 2000 855 2067 καῖ
876 1999 1085 2080 κατένευσας,

135 2123 176 2168 ωε
189 2101 256 2168 τῶν
274 2099 411 2190 μνῆσαι,
434 2100 492 2166 καὶ
513 2095 636 2184 άμυνον
654 2097 815 2185 Ὀλύμπιε
835 2100 944 2190 νηλεὲς
964 2092 1065 2189 ἦμαρ,

187 2197 267 2294 μηδ’
290 2199 375 2270 ούτω
402 2197 570 2289 Τρύεσσιν
591 2197 629 2269 έα
651 2199 848 2286 δάμνασθαι
868 2195 1051 2286 Ἀχαιούς.”

231 2294 276 2382 ῶς
297 2298 397 2392 ἔφατ’
420 2298 604 2388 εὐχόμενος,
627 2302 712 2388 μέτα
734 2302 772 2370 δὲ
792 2303 898 2372 κτύπε
918 2303 1058 2393 μητιέτα
1080 2300 1179 2384 Ζεύς,

190 2399 302 2494 ἀράων
323 2401 406 2472 ἀίων
427 2403 624 2496 Νηληιάδαο
644 2403 804 2493 νόροντος.

136 2546 140 2557 ,
195 2507 304 2595 Τρῶες
325 2503 358 2574 δ’
380 2501 424 2587 αῖς
445 2504 615 2575 ὐπύθοντο
636 2507 724 2588 Διὸς
744 2506 871 2576 κτύπον
892 2504 1074 2592 αίνιόχοιο,

135 2637 177 2680 εει
189 2608 315 2693 μᾶλλον
334 2603 394 2678 ὐπ’
416 2604 600 2699 Ἀρνείσισι
622 2607 740 2700 θόρον,
761 2609 926 2699 μνήσαντο
949 2609 988 2678 δὲ
1007 2607 1141 2700 χάρμης.

190 2703 229 2779 σῖ
247 2705 290 2793 δ’,
312 2707 358 2791 ῶς
378 2735 415 2778 τε
434 2709 522 2796 μέτα
543 2713 630 2796 κῦμα
649 2712 827 2804 θαλάσσης
847 2711 1045 2804 εὐρυπόροιο

188 2811 265 2901 νηὸς
286 2807 369 2901 ὑπὲρ
391 2809 510 2897 τοίχων
531 2813 769 2902 καταβήσεται,
794 2812 922 2886 ὁππότ’
944 2811 1062 2904 ίπείνῃ

188 2914 244 2994 τῖς
265 2909 400 3000 ἀνέμου·
421 2907 442 3003 η’
464 2912 528 3002 τάρ
548 2939 586 2981 τε
606 2914 753 3000 μάλιστά
773 2939 812 2984 τε
833 2911 953 3000 κύματ’
976 2910 1126 3004 όφέλλει·

189 3008 235 3098 αῖς
261 3015 369 3106 Τρῶες
388 3012 514 3104 μετάλῃ
535 3017 635 3104 τιαχῇ
656 3016 741 3082 κατά
761 3021 867 3100 τεῖχος
888 3013 1033 3101 ἔβαινον,

135 3145 176 3189 εει
189 3121 319 3198 ἵππους
341 3113 373 3185 δ’
396 3113 622 3195 εἰσελάσαντες
642 3114 702 3184 ἐπὶ
725 3115 891 3206 πρύμνῃσι
912 3115 1056 3201 μάχοντο

189 3217 318 3305 ἔτχεσιν
340 3213 524 3309 ἀμφιιύαις
546 3213 754 3302 αὐτοσχεδόν,
778 3212 815 3283 οῖ
831 3217 891 3302 μὲν
912 3214 972 3307 ἀφ’
995 3217 1127 3294 ἵππων,

192 3319 228 3392 οἳ
248 3318 282 3390 δ’
304 3315 376 3390 ἀπό
400 3320 483 3409 νηῶν
504 3315 570 3404 ύψι
590 3317 777 3405 μελαινάων
797 3317 976 3403 ἐπιβάντες

190 3427 348 3516 μακροῖσι
370 3423 533 3504 ξυστοῖσι,
554 3419 598 3488 τά
620 3420 663 3510 ῥά
684 3416 745 3511 σφ’
766 3419 827 3490 ἐπὶ
849 3419 961 3510 νηυσίν
982 3415 1093 3488 ἔκειτο

193 3525 341 3612 ναύμαχα
363 3522 552 3614 κολλήεντα,
574 3524 660 3592 κατά
682 3523 790 3610 στόμα
810 3522 945 3611 τειμίνα
964 3523 1085 3609 χαλκῷ.

139 3654 180 3696 ιω
236 3626 428 3718 Πάτροκλος
450 3624 492 3709 δ’,
516 3627 592 3706 εἵως
612 3625 672 3711 μὲν
692 3621 828 3711 Ἀχαιοί
847 3649 884 3692 τε
910 3623 1020 3713 Τρῶές
1039 3649 1076 3691 τε

194 3726 316 3813 τείχεος
338 3725 573 3821 ἀμφεμάχοντο
595 3726 712 3796 θοάων
734 3725 855 3796 ἔκτοθι
877 3734 975 3818 νηῶν,

194 3826 294 3919 τόφρ’
316 3827 336 3896 δ’
355 3828 389 3896 τ’
410 3830 459 3900 ένῖ
480 3828 592 3921 κλισίῃ
616 3825 823 3919 ἀναπήνορος
843 3825 1053 3917 Εὐρυπύλοιο

195 3923 279 4023 ἧστό
298 3957 335 4000 τε
355 3931 412 4001 καὶ
432 3933 490 4001 τόν
511 3929 629 4019 ἔτερπε
650 3931 775 4013 λότοις,
797 3929 858 3998 ὐπῖ
880 3927 912 3997 δ’
936 3927 1026 3998 ἕλκεϊ
1042 3928 1152 4018 λυτρηῖ

195 4029 343 4125 φάρμακ’
366 4031 523 4121 ἀκέσματ’
546 4030 673 4101 ἔπασσε
694 4029 879 4117 μελαινάων
901 4027 1056 4099 ὀδυνάων.

142 4163 182 4208 ωε
197 4132 300 4226 αὐτάρ
322 4134 399 4206 ἐπεῖ
421 4136 461 4225 δή
483 4139 590 4220 τεῖχος
611 4131 852 4219 ἐπεσσυμένους
873 4131 1005 4222 ἐνόησεν

200 4240 328 4329 Τρῶας,
351 4234 435 4327 ἀτάρ
455 4238 595 4306 Δαναῶν
615 4234 724 4304 νένετο
744 4233 845 4323 τιαχή
865 4257 903 4300 τε
923 4231 1030 4325 φόβος
1050 4257 1100 4316 τε,

196 4336 330 4432 ρ’ῖμωξέν
349 4336 383 4408 τ’
407 4335 459 4429 ἀρ’
483 4335 604 4407 ἔπειτα
623 4337 683 4406 καῖ
705 4329 734 4404 ύῖ
755 4333 944 4427 πατλήτετσ
964 4333 1058 4424 μηριύ

194 4441 287 4531 χερσὶ
310 4435 566 4532 καταπρηνέσσ’,
588 4435 829 4531 ὀλοφυρόμενος
851 4437 889 4508 δύ
911 4433 1096 4526 προσηύδα.

1069 4547 1100 4594 ιε
