3084 5190
549 307 573 355 θ.
611 305 799 359 ΙΛΙΔΔΟΣ
818 306 839 356 Β

140 454 176 521 οί
194 448 234 520 θ’
254 447 366 545 Ὑρίην
386 455 539 543 ἐνέμοντο
560 459 617 526 καί
641 457 778 528 Αὐλίδα
799 458 1005 550 πετρήεσσαν

138 553 275 640 Σχοῖνόν
295 581 331 624 τε
352 558 488 627 Σκῶλόν
507 585 545 628 τε
565 563 774 655 πολύκνημόν
794 560 825 631 τ’
846 560 1013 648 Ἐτεωνόν,

141 656 309 724 Θέσπειαν
333 660 457 747 Γραῖάν
477 687 514 730 τε
535 666 593 732 καί
615 663 788 755 εὐρύχορον
805 667 1046 758 Μυκαλησσόν,

138 761 172 826 οῖ
189 755 222 824 τ’
246 755 332 850 ἄμφ’
354 758 452 850 Ἅρμ’
474 762 627 850 ἐνέμοντο
648 767 707 834 καί
728 765 883 836 Εἰλέσιον
904 770 962 838 καί
981 767 1155 858 Ἐρύθρας,

93 883 126 921 ιω
140 864 174 929 οἵ
191 859 223 929 τ’
244 859 372 931 Ἐλεῶν’
395 858 482 947 εἶχον
502 863 559 956 ἠδ’
573 867 673 959 Ὑλην
695 870 754 938 καί
774 873 945 955 Πετεῶνα,

135 963 291 1055 Ὠκαλέην
312 967 479 1034 Μεδεῶνά
500 967 540 1051 τ’,
565 970 751 1057 ἐυκτίμενον
773 970 989 1062 πτολίεθρον,

140 1065 267 1148 Κώπας
288 1065 450 1159 Εύτρησίν
469 1095 506 1138 τε
527 1072 763 1163 πολυτρήρωνά
784 1097 821 1140 τε
845 1071 986 1165 Θίσβην,

139 1171 173 1236 οῖ
190 1195 227 1237 τε
249 1170 442 1260 Κορώνειαν
462 1173 520 1239 καὶ
541 1172 699 1263 ποιήενθ’
722 1173 906 1263 Ἀλιάρτον,

139 1275 174 1339 οῖ’
191 1297 228 1340 τε
249 1272 426 1340 Πλάταιαν
448 1271 521 1357 ἔχον
542 1273 599 1365 ἠδ’
620 1273 657 1343 οἳ
676 1275 842 1343 Γλίσαντα
863 1277 1010 1362 νέμοντο,

93 1403 126 1442 ωε
139 1377 174 1442 σί
192 1371 232 1442 θ’
252 1373 450 1464 Ὑποθήβας
472 1371 571 1462 είχον,
594 1374 780 1464 ἐυκτίμενον
801 1378 1015 1467 πτολίεθρον,

136 1473 312 1568 Ὀτχηστόν
332 1475 372 1544 θ’
396 1475 495 1568 ῖερόν,
518 1479 705 1569 Ποσιδήιον
728 1477 850 1548 ώτλαδν
871 1475 983 1561 ίίλσος,

139 1581 174 1647 οί
191 1604 230 1647 τε
251 1579 508 1670 πολυστάφυλον
529 1581 654 1672 Βάρκην
675 1579 761 1667 ἔχον,
784 1583 820 1648 οῖ
838 1606 874 1648 τε
889 1579 1042 1650 Μίδειαν

139 1680 248 1750 Νῖσάν
268 1707 305 1748 τε
328 1681 451 1772 ζαθέην
474 1680 662 1772 Ἀνθηδόνα
683 1681 713 1750 τ’
737 1683 956 1768 ἐσχατόωσαν.

138 1785 200 1849 τῶν
220 1783 280 1867 μέν
302 1781 505 1872 πεντήκοντα
525 1783 595 1862 νέες
616 1783 696 1864 κίον,
719 1784 754 1852 ἐν
776 1785 813 1854 δὲ
833 1786 976 1878 τεκόστη

94 1886 248 1974 ιιοκοῦροι
272 1887 432 1951 Βοιωτῶν
452 1883 569 1953 ἑκατόν
590 1887 647 1952 καί
669 1884 814 1955 ἐνείκοσι
835 1893 956 1974 βαῖνον.

179 1981 216 2054 όί
236 1983 267 2053 δ’
293 1983 495 2076 Ἀσπληδόύ
517 1985 629 2056 έναιον
651 1986 698 2056 ἰδ’
717 1986 905 2075 Ὀρχομενόν
926 1990 1105 2071 Μινύειον,

138 2088 201 2155 τῶν
221 2080 296 2177 ἦρχ’
320 2085 532 2180 Ἀσκάλαφος
553 2092 610 2157 καί
629 2087 803 2174 Ἰάλμενος,
826 2083 895 2170 υἷες
916 2087 1052 2180 Ἀρηος,

139 2185 193 2270 οὓς
213 2191 289 2258 τέκε
311 2191 482 2281 Βαστυόχη
505 2191 600 2280 δόμηι
624 2189 782 2279 ’Ἀκτορος
797 2188 964 2273 Ἀζεΐδαο,

139 2291 308 2381 παρθένος
330 2290 458 2382 αἰδοίη,
482 2290 647 2382 ὕπερῶιον
669 2292 888 2380 εἰσαναβᾶσα,

96 2389 231 2483 ειεἈρηι
253 2397 414 2484 κρατερῷ·
437 2389 456 2462 ὃ
478 2395 517 2464 δέ
538 2421 594 2464 τοι
617 2395 821 2484 παρελέξατο
842 2394 963 2485 λάθρη.

139 2501 206 2576 τοῖς
228 2495 268 2564 δέ
287 2496 464 2586 τριήκοντα
485 2499 652 2588 τλαφυραί
674 2498 742 2577 νέες
763 2497 970 2582 ἐστιχόωντο.

180 2594 284 2687 αύτάρ
307 2597 455 2687 Φωκήων
475 2599 612 2682 Σχεδίος
633 2600 689 2666 καί
710 2597 932 2692 Ἐπίστροφος
952 2595 1064 2688 ῆρχον,

139 2691 205 2780 υἷες
227 2697 371 2790 Βιφίτον
392 2701 589 2784 μεταθύμου
612 2699 841 2786 Ναυβολίδαο,

138 2799 173 2870 όί
189 2802 411 2888 Κυπάρισσον
432 2800 505 2887 ἕχον
526 2803 677 2870 Πυθῶνά
696 2829 733 2870 τε
755 2803 958 2894 πετρήεσσαν

96 2904 266 2994 ιιιΚρῖσάν
286 2930 323 2972 τε
346 2904 471 2995 ζαθέην
493 2904 550 2973 καί
573 2903 726 2974 Δαυλίδα
748 2906 805 2972 καί
827 2908 1006 2994 Πανοπῆα,

140 3009 173 3072 οί
189 3003 222 3073 τ’
245 3003 468 3096 Ἀνεμώρειαν
489 3007 546 3074 καί
563 3007 750 3094 Ὑάμπολιν
771 3003 1008 3097 ἀμφενέμοντο,

138 3109 172 3174 οἳ
188 3104 220 3175 τ’
244 3103 310 3195 έίρα
332 3109 402 3197 πάρ
425 3109 578 3193 ποταμόν
599 3111 754 3200 Κηφισόν
776 3113 848 3176 δῖον
869 3105 993 3187 ἔναιον,

139 3210 172 3274 οί
188 3233 225 3276 τε
247 3206 401 3277 Λίλαιαν
422 3205 493 3293 ἔχον
515 3213 624 3300 πητῇς
645 3207 706 3277 ἐπι
729 3215 910 3301 Κηφισοῖο.

138 3315 204 3391 τοῖς
226 3307 261 3377 δ’
283 3308 354 3396 ἅμα
375 3312 618 3401 τεσσαράκοντα
638 3311 792 3398 μέλαιναι
813 3319 888 3401 νῆες
913 3309 1043 3377 ἕποντο.

97 3430 129 3470 ⁵¹⁵
141 3407 175 3478 όί
190 3413 250 3498 μέν
273 3413 420 3502 Φωκήων
442 3411 557 3498 στίχας
578 3417 718 3482 ἵστασαν
739 3411 978 3504 ἀμφιέποντες,

142 3517 295 3584 Βοιωτῶν
317 3512 349 3584 δ’
372 3512 502 3604 ἔμπλην
523 3513 580 3583 ἐπ’
605 3513 762 3604 ἀριστερά
783 3513 1008 3603 θωρήσσοντο.

178 3619 324 3710 Λοκρῶν
346 3615 378 3685 δ’
400 3615 594 3708 ήτεμόνευεν
613 3614 741 3707 Ὀιλῆος
760 3617 859 3698 ταχύς
880 3611 991 3694 Αἴας,

140 3717 250 3802 μείων,
275 3717 314 3789 ού
334 3746 369 3788 τι
389 3719 489 3802 τόσος
509 3747 548 3788 τε
570 3719 649 3800 ὅσος
668 3717 875 3804 Τελαμώνιος
896 3714 1006 3797 Αίάς,

142 3816 220 3889 ἀλλὰ
242 3823 331 3891 πολύ
352 3821 477 3908 μείων,
490 3820 603 3903 όλίτος
623 3823 682 3908 μέν
703 3817 770 3910 ἔην,
792 3817 995 3908 λινοθώρηξ,

100 3921 244 4014 Ινεεένχείη
269 3921 301 3992 δ’
325 3923 483 3993 ἐκέκαστο
504 3924 713 4014 Πανέλληνας
734 3921 792 3988 καί
813 3917 982 4002 Ἀχαιούς·

142 4019 176 4090 όί
193 4023 306 4093 Κῦνόν
326 4021 356 4090 τ’
379 4022 523 4111 ἐνέμοντ’
544 4022 704 4092 Ὀπόεντά
726 4047 762 4090 τε
784 4020 973 4111 Καλλίαρόν
994 4045 1030 4088 τε

143 4126 277 4214 Βῆσσάν
298 4151 335 4193 τε
356 4126 514 4218 Σκάρφην
533 4152 570 4194 τε
591 4125 649 4194 καί
670 4122 825 4204 Λύκειός
846 4123 1015 4213 ἐρατεινάς

144 4229 276 4320 Τάρφην
297 4253 334 4296 τε
359 4227 499 4320 Θρόνιόν
519 4254 556 4296 τε
579 4226 746 4318 Βοατρίου
770 4223 859 4318 ιίμφί
881 4227 1013 4318 ῥέεθρα.

140 4337 184 4416 τηῖ
206 4329 236 4396 δ’
260 4327 333 4416 ἅμα
352 4329 598 4421 τεσσαράκοντα
618 4330 775 4414 μέλαιναι
795 4331 867 4418 νῆες
890 4327 1009 4397 ἕποντο

100 4433 293 4524 (Μοιρῶν,
317 4425 355 4501 οί
374 4430 505 4502 ναίουσι
526 4431 629 4521 πέρην
650 4427 740 4520 ῖερης
758 4427 917 4518 Ἐυβοίης.

1006 4533 1040 4585 3*
