3148 5194
266 301 346 368 240·
668 303 708 350 ιι.
741 296 922 350 muoz
941 299 966 348 0

265 453 375 544 τόφρα
395 448 474 538 μάλ’
497 447 693 541 ἀμφοτέρων
713 449 804 537 βέλε’
825 448 966 542 ἥπτετο,
990 453 1096 516 πῖπτε
1118 448 1156 517 δέ
1177 447 1273 529 λαός·

213 577 253 619 ιιι
267 551 370 644 αύτάρ
392 553 468 622 ἐπεί
488 555 664 620 κατενώπα
683 554 789 622 ειδών
810 555 951 622 Δαναῶν
970 548 1172 636 ταχυπώλων

266 653 359 739 acics,
383 654 443 724 ἐπὶ
465 652 498 722 δ’
521 651 620 736 αύτὸς
641 651 722 724 άυοε
742 653 834 741 μάλα
854 654 954 742 μένα,
977 659 1068 722 τοῖσι
1091 653 1128 722 δέ
1148 651 1258 739 θυμόν

267 759 300 827 ἐν
321 758 505 848 στήθεσσιν
526 754 655 840 ἔθελξε,
678 758 826 826 λάθοντο
849 756 886 824 δέ
906 755 1070 844 θούριδος
1090 750 1201 844 άλκῆς.

267 857 304 930 οἳ
323 857 364 944 δ’,
388 858 433 942 ὥς
453 857 483 927 τ’
506 856 544 950 ήὲ
564 862 653 946 βοῶν
674 857 790 950 άσέλην
812 855 835 948 ἢ
856 860 930 926 πῶυ
952 853 1026 943 μέν’
1050 854 1130 926 οίών

266 965 353 1052 θῆρε
376 961 444 1029 δύω
465 961 623 1030 κλονέωσι
645 960 799 1052 μελαίνης
819 961 935 1040 νυκτός
956 955 1108 1048 άμολνῷ,

214 1091 254 1133 ενι
268 1061 402 1134 ἐλθόντ’
424 1061 581 1153 ἐξαπίνης
602 1065 806 1156 σημάντορος
828 1061 866 1133 ού
889 1063 1081 1152 παρεόντος,

267 1159 312 1247 ὧς
333 1167 505 1258 ἐφόβηθεν
526 1163 660 1251 Ἀχαιοί
682 1162 871 1247 άνύλκιδες·
893 1166 929 1235 ἐν
948 1165 1010 1254 τδρ
1035 1160 1210 1231 Ἀπόλλων

266 1261 326 1358 ἧκε
347 1269 466 1358 φόβον,
495 1267 623 1356 Τρωσίν
645 1269 684 1336 δὲ
704 1268 762 1337 καί
775 1265 911 1356 Ἕκτορι
931 1267 1030 1346 κῦδος
1051 1261 1143 1346 όπαζ
1176 1315 1184 1330 .

310 1367 396 1438 ἔνθα
418 1366 449 1436 δ’
471 1364 551 1459 άνήρ
574 1369 644 1436 ἐλεν
666 1366 770 1459 άνδρα
790 1367 1014 1459 κεδασθείσης
1034 1365 1179 1458 ύσμίνης.

257 1471 385 1559 Ἕκτωρ
407 1472 466 1556 μὲν
485 1469 618 1555 Στιχίον
637 1497 675 1540 τε
696 1472 754 1540 καὶ
776 1468 990 1560 Ἀρκεσίλεω
1012 1467 1164 1560 ἔπεφνεν,

214 1605 253 1646 εει
266 1574 324 1642 τόν
344 1573 404 1660 μέν
426 1575 586 1640 Βοιωτῶν
604 1570 751 1662 ήνήτορα
769 1570 1029 1657 χαλκοχιτώνων,

266 1677 324 1743 τόν
346 1675 384 1744 δὲ
405 1675 605 1762 Μενεσθῆος
625 1674 820 1761 μεν-αθύμου
842 1674 965 1742 πιστὸν
986 1669 1130 1762 ἑταῖρον·

267 1773 410 1855 Αἰνείας
431 1775 470 1844 δὲ
491 1773 652 1843 Μέδοντα
673 1771 1024 1866 καί”1ασονέξενάριξ
1057 1825 1065 1841 .

267 1870 289 1968 ή
309 1903 365 1946 τοι
388 1871 408 1945 ὃ
428 1875 487 1962 μὲν
508 1876 612 1956 νόθος
632 1873 704 1957 υίὸς
721 1875 851 1966 Ὀιλῆος
870 1875 986 1944 θείοιο

267 1977 343 2048 ἔσκε
364 1975 504 2060 Μέδων,
526 1973 680 2058 Α’ίαντος
701 1973 874 2069 άδελφεός,
898 1975 1001 2065 αὐτάρ
1023 1973 1130 2045 ἔναιεν

146 2159 148 2164 ,
215 2107 254 2149 ιιι
268 2081 303 2150 ἐν
324 2078 472 2170 Φυλάκη,
493 2077 592 2169 σαίης
613 2077 682 2148 ύπο
702 2077 877 2168 πατρίδος,
901 2075 1005 2167 δίνδρα
1026 2075 1206 2158 κατακτάς,

266 2183 390 2252 ινωτὸν
410 2184 570 2272 μητρυιῆς
587 2178 792 2271 Ἐριώπιδος
814 2177 855 2273 ἢν
876 2179 924 2264 ἔχ’
941 2177 1079 2259 Ὀιλεύς·

264 2281 378 2364 ’Ίασος
399 2275 472 2350 αὖτ’
494 2279 592 2372 άρχδς
612 2283 672 2370 μέν
693 2279 883 2373 Ἀθηναίων
903 2281 1065 2362 ἐτέτυκτο,

268 2383 340 2465 υίὸς
361 2383 400 2452 δέ
420 2383 571 2474 Σφήλοιο
593 2384 771 2452 καλέσκετο
793 2380 1009 2452 Βουκολίδαο.

269 2487 430 2574 Μηκιστῆ
452 2481 486 2551 δ’
509 2484 562 2551 ἐλε
581 2485 816 2571 Πουλυδάμας,
837 2481 944 2567 Ἐχίον
966 2482 1005 2551 δέ
1026 2481 1172 2572 Πολίτης

176 2659 181 2669 ,
216 2623 256 2662 ³⁴0
270 2585 385 2674 πρώτη
408 2585 442 2652 έν
463 2583 596 2675 ύσμίνη,
620 2584 762 2654 Κλονίον
783 2582 816 2652 δ’
839 2584 893 2654 έλε
914 2587 986 2666 δῖος
1007 2572 1163 2672 Ἀνήνωρ.

269 2685 412 2779 Δηίοχον
435 2685 472 2754 δὲ
491 2685 602 2774 Πάρις
621 2686 704 2772 βάλε
724 2684 851 2754 νείατον
872 2678 963 2771 ώμον
983 2681 1131 2752 ι’ίπισθεν

268 2785 418 2883 φείσατ’
441 2787 480 2856 ἐν
495 2786 715 2876 προμάχοισι,
739 2787 866 2874 διαπρό
888 2787 926 2854 δὲ
946 2786 1066 2870 χαλκὸν
1087 2781 1230 2854 ἔλασσεν.

296 2889 391 2984 ,όφρ’
413 2887 449 2960 οἳ
466 2890 544 2971 τούς
565 2889 712 2979 ἐνάριζον
734 2885 797 2957 ἐπ’
819 2887 925 2971 ἔντεα,
947 2889 1057 2979 τόφρα
1080 2884 1113 2955 δ’
1136 2883 1268 2971 Ἀχαιοί

267 2981 385 3086 τάφρῳ
408 2993 466 3062 καὶ
488 2991 710 3061 σκολόπεσσιν
731 2991 963 3082 ἐνιπλήξαντες
984 2985 1104 3080 ὀρυκτή

216 3121 255 3163 εει
269 3095 354 3167 ἔνθα
375 3097 432 3165 καί
454 3092 529 3166 ἐνθ’
551 3095 723 3187 ἐφέβοντο,
748 3095 862 3163 δύοντο
885 3094 923 3162 δὲ
943 3098 1051 3175 τεῖχος
1072 3087 1207 3183 άνάνκη.

260 3197 388 3288 Ἕκτωρ
411 3199 450 3268 δὲ
474 3197 641 3286 Τρώεσσιν
663 3196 814 3266 ἐκέκλετο
833 3197 959 3286 μακρόν
980 3191 1084 3273 άύσας

265 3299 404 3392 ((νηυσίν
425 3299 686 3381 ἐπισσεύεσθαι,
709 3297 767 3366 ἐᾶν
789 3295 819 3365 δ’
842 3294 941 3384 ἔναρα
962 3296 1147 3387 βροτόεντα.

269 3398 307 3472 ὃν
329 3399 360 3470 δ’
384 3398 424 3469 όίν
444 3403 528 3470 ἐτών
549 3399 722 3468 άπάνευθε
743 3401 822 3467 νεών
843 3395 989 3482 ἑτέρωθι
1010 3395 1129 3485 νοήσω,

270 3500 370 3573 αύτοῦ
391 3529 448 3572 τοι
468 3501 617 3571 θάνατον
636 3500 832 3590 μητίσομαι,
856 3495 934 3566 ούδέ
954 3523 991 3564 νυ
1011 3495 1069 3563 τόν
1088 3520 1127 3563 τε

216 3635 256 3676 εει
268 3604 390 3674 ννωτοί
409 3630 446 3673 τε
466 3601 590 3672 ννωταί
610 3629 646 3671 τε
668 3605 771 3694 πυρὸς
792 3599 954 3682 λελάχωσι
975 3596 1136 3678 θανόντα,

271 3702 352 3774 ἀλλὰ
374 3705 467 3787 κύνες
487 3707 639 3797 εερύουσι
661 3705 728 3796 πρὸ
749 3702 889 3781 τάστεος
910 3693 1112 3790 ήμετέροιο.”

312 3801 358 3889 οἷς
378 3809 506 3876 νειπών
526 3807 667 3894 μάστιν-ι
690 3804 887 3891 κατωμαδόν
907 3798 1027 3892 ήλασεν
1047 3804 1187 3882 ἵππους,

270 3910 464 3997 κεκλόμενος
490 3910 639 4000 Τρώεσσι
661 3908 745 3978 κατά
766 3907 889 3990 στίχας.
934 3900 971 3972 οἳ
990 3906 1027 3973 δὲ
1049 3906 1106 3972 σύν
1127 3899 1217 3992 αύτῷ

270 4012 394 4094 πάντες
415 4009 656 4102 ὁμοκλήσαντες
678 4007 753 4094 ἔχον
773 4007 1021 4100 εερυσάρματας
1041 4009 1171 4087 ἵππους

216 4143 256 4187 ειε
269 4121 353 4206 εηχῇ
373 4112 553 4204 θεσπεσίη.
598 4113 815 4202 προπάροιθε
837 4111 874 4180 δέ
896 4117 1023 4199 Φοῖβος
1044 4107 1217 4179 Ἀπόλλων

271 4214 331 4306 ῥεῖ’
355 4213 463 4302 όχθας
483 4215 649 4286 καπέτοιο
671 4215 814 4305 βαθείης
836 4214 959 4283 ποσσίν
980 4212 1122 4304 ἐρείπων

270 4318 304 4400 ἐς
324 4319 448 4406 μέσσον
468 4318 661 4406 κατέβαλλε,
684 4316 873 4409 νεφύρωσεν
894 4316 932 4385 δέ
953 4315 1112 4386 κέλευθον

269 4422 397 4512 μακρήν
417 4418 470 4512 ήδ
493 4417 629 4511 εύρεῖαν,
654 4418 733 4490 ὅσον
752 4415 785 4486 τ’
807 4419 866 4488 ἐπὶ
888 4420 1007 4509 δουρός
1026 4419 1111 4510 ἐρωή
