3084 5190
534 333 558 382 2.
597 331 779 384 ΙΛΙΑΔΟΣ
799 334 821 383 B

85 491 297 564 ειιΛίτιαλόν
317 488 352 559 τ’
378 487 442 557 ἀνά
464 487 575 556 πάντα
597 488 654 555 καί
678 482 763 577 ἀμφ’
782 480 912 578 Ἑλίκην
935 484 1071 579 εάρεῖαν,

128 599 189 664 τῶν
210 592 329 664 ἑκατόν
350 593 437 684 νηῶν
458 583 553 680 ήρχεν
574 587 692 677 κρείων
704 585 921 675 Ἀταμέμνων

129 697 305 788 Ἀτρεΐδης.
352 692 423 780 άμα
443 694 493 783 τῷ
513 718 551 760 τε
573 693 659 759 πολύ
681 691 831 758 πλεῖστοι
856 690 912 759 καί
937 689 1069 782 άριστοι

129 799 204 869 λαοὶ
227 796 354 866 ἕποντ’·
377 796 412 865 ἐν
435 792 467 863 δ’
491 791 591 875 αάτὸς
612 793 748 862 ἐδύσετο
770 793 905 882 νώροπα
925 797 1046 882 χαλκόν

129 899 284 982 κυδιόων,
309 901 415 967 πᾶσιν
438 897 476 964 δέ
496 896 702 984 μετέπρεπεν
723 891 893 985 ήριόεσσιν.

85 1029 115 1067 ια
170 999 207 1072 οἳ
224 997 259 1069 δ’
282 993 370 1086 είχον
391 995 504 1088 κοίλην
526 995 769 1082 Λακεδαίμονα
790 998 980 1090 κητώεσσαν

129 1102 233 1195 Φᾶρίν
253 1129 291 1172 τε
312 1100 470 1192 Σπάρτην
490 1125 527 1167 τε
548 1099 784 1190 πολυτρήρωνά
805 1125 841 1168 τε
867 1101 1018 1194 Μέσσην,

129 1205 291 1296 Βρυσειάς
311 1201 343 1272 τ’
366 1202 520 1290 ἐνέμοντο
541 1201 598 1269 καὶ
621 1197 773 1284 Αύιειδς
794 1203 976 1293 ἐρατεινάς,

130 1309 162 1376 σί
180 1303 211 1373 τ’
237 1302 292 1395 ἀρ’
315 1301 480 1391 Ἀμύκλας
501 1297 589 1386 εἶχον
601 1303 700 1385 Ἕλος
720 1302 751 1372 τ’
774 1301 899 1397 έφαλον
921 1306 1137 1398 πτολίεθρον,

86 1435 118 1476 εει
131 1414 163 1478 οἳ
181 1435 220 1477 τε
241 1408 346 1477 Λάαν
369 1399 454 1492 εἶχον
476 1403 531 1496 ἠδ’
557 1403 695 1475 Οἴτυλον
716 1405 957 1498 ἀμφενέμοντο,

128 1513 190 1579 τῶν
210 1537 267 1580 τοι
290 1507 454 1600 ἀδελφεός
475 1501 567 1600 ήρχε,
590 1510 671 1600 βοήν
692 1505 824 1589 ἀταθδς
845 1513 1032 1595 Μενέλαος,

129 1611 284 1702 ἑξήκοντα
305 1612 399 1678 νειῦν·
423 1607 598 1697 ἀπάτερθε
621 1608 658 1678 δέ
679 1610 904 1702 θωρήσσοντο.

129 1715 161 1784 ἐν
181 1710 215 1782 δ’
239 1711 337 1794 αάτὸς
359 1711 410 1780 κίε
431 1719 509 1803 τῇσι
532 1710 746 1804 προθυμίῃσι
768 1715 963 1797 πεποιθώς,

130 1814 269 1906 ὀτρύνων
291 1812 493 1899 πολεμόνδε·
515 1811 662 1900 μάλιστα
684 1815 722 1883 δέ
743 1814 835 1886 τίετο
855 1820 955 1907 θυμῷ

86 1917 291 1988 τατίσασθαι
310 1913 441 2007 Ἑλένης
462 1913 637 2005 ὁρμήματά
657 1941 695 1986 τε
716 1919 878 2004 στοναχάς
897 1945 942 1987 τε.

168 2014 206 2090 οἳ
225 2021 262 2088 δέ
282 2017 396 2088 Πύλον
416 2013 447 2083 τ’
469 2015 620 2104 ἐνέμοντο
642 2019 700 2087 καί
722 2017 860 2112 Ἀρήνην
881 2022 1049 2114 ἐρατεινήν

128 2123 183 2190 καὶ
208 2120 315 2213 Θρύον
334 2117 508 2211 Ἀλφειοῖο
530 2119 634 2208 πόρον
655 2121 713 2189 καί
735 2121 883 2192 ἐύκτιτον
904 2123 1021 2208 Αίπό,

129 2227 182 2294 καί
204 2221 485 2312 Κυπαρισσήεντα
506 2222 563 2290 καί
585 2219 820 2315 Ἀμφιτένειαν
841 2222 952 2296 έναιον

130 2329 184 2396 καὶ
205 2325 352 2396 Πτελεδν
372 2323 431 2392 καὶ
443 2321 541 2405 Ἕλος
563 2326 620 2406 καί
643 2326 787 2416 Δώριον,
812 2325 897 2397 ἔνθα
918 2355 954 2396 τε
974 2330 1099 2416 μοῦσαι

88 2427 302 2516 κεάντόμεναι
327 2426 477 2516 Θάμυριν
499 2429 555 2496 τόν
579 2427 710 2518 Θρήικα
732 2438 865 2498 παῦσαν
887 2429 1017 2523 ἀοιδῆς,
1098 2459 1101 2470 ’

131 2529 332 2622 Οἰχαλίηθεν
354 2527 446 2598 ίόντα
468 2525 548 2619 παρ’
572 2526 719 2618 Εύρύτου
744 2529 923 2623 Οἰχαλιῆος

129 2635 260 2718 (στεῦτο
280 2633 343 2722 ιάρ
365 2628 539 2717 εάχόμενος
559 2632 742 2721 νικησέμεν,
766 2629 803 2701 εί
821 2659 884 2721 περ
907 2629 947 2702 ἀν
969 2633 1067 2703 αύταί

128 2739 247 2823 μοῦσαι
270 2732 429 2816 ἀείδοιεν,
452 2740 568 2820 κοῦραι
591 2735 678 2814 Διδς
700 2732 881 2818 αίτιόχοιο·

131 2835 167 2906 δι’
185 2839 223 2907 δέ
242 2836 471 2923 χολωσάμεναι
494 2837 601 2926 πηρδν
622 2835 739 2920 θέσαν,
763 2835 865 2929 αὐτὰρ
889 2838 1009 2932 ἀοιδήν

89 2939 313 3032 αυθεσπεσίην
334 2937 496 3032 ἀφέλοντο
518 2937 576 3006 καί
598 2938 781 3039 ἐκλέλαθον
799 2943 1032 3032 κιθαριστύν),

129 3046 189 3111 τῶν
211 3037 293 3111 αὖθ’
315 3039 491 3133 ήτεμόνευε
515 3040 672 3130 Γερήνιος
693 3039 827 3112 ἱππότα
848 3044 997 3134 Νέστωρ,

130 3147 175 3234 τῷ
197 3142 230 3213 δ’
252 3144 442 3234 ἐνενήκοντα
463 3143 631 3233 τλαφυραὶ
651 3141 720 3225 νέες
741 3143 947 3228 ἐστιχόωντο.

170 3243 205 3315 οἳ
226 3244 259 3314 δ’
281 3243 355 3330 ἔχον
382 3242 557 3336 Ἀρκαδίην
578 3241 647 3314 δπδ
667 3245 836 3338 Κυλλήνης
858 3242 935 3335 ἀρος
956 3245 1055 3329 αἰπύ,

131 3347 301 3418 Αίπύτιον
323 3349 416 3434 παρά
436 3345 572 3433 τύμβον,
594 3345 636 3416 ἐν’
660 3343 772 3441 ἀνέρες
792 3345 1028 3442 ἀτχιμαχηταί,

91 3475 121 3515 αι
134 3447 167 3518 δι’
185 3451 305 3520 Φενεόν
325 3447 358 3518 τ’
379 3448 532 3536 ἐνέμοντο
553 3449 611 3518 καί
628 3446 819 3540 Ὀρχομενόν
840 3451 1030 3544 πολύμηλον

129 3549 237 3646 Ῥίπην
257 3578 295 3622 τε
314 3551 477 3641 Στρατίην
497 3576 534 3620 τε
555 3552 614 3620 καί
635 3547 837 3644 ἠνεμόεσσαν
855 3550 1024 3644 Ἐνίσπην,

132 3655 185 3724 καὶ
210 3656 331 3745 Τιτίην
353 3647 438 3741 είχον
459 3655 517 3724 καί
539 3653 727 3746 Μαντινέην
747 3655 928 3747 ἐρατεινήν,

132 3755 323 3850 Στύμφηλόν
340 3753 373 3823 τ’
397 3748 485 3839 εἶχον
505 3757 563 3824 καί
584 3755 779 3848 Παρρασίην
799 3757 961 3845 ἐνέμοντο,

133 3861 191 3926 τῶν
210 3853 282 3949 ἦρχ’
305 3853 481 3926 Ἀτκαίοιο
503 3856 588 3937 πάις
607 3855 725 3947 κρείων
746 3855 943 3952 Ἀταπήνωρ

92 3959 284 4052 αιὲξήκοντα
304 3965 400 4028 νεῶν·
421 3960 541 4042 πολέες
563 3957 596 4028 δ’
618 3959 652 4029 ἐν
672 3959 725 4051 νηί
747 3962 890 4054 τεκάστη

134 4059 285 4152 Ἀρκάδες
308 4057 425 4150 ἀνδρες
445 4058 590 4151 ἔβαινον,
613 4061 830 4150 ἐπιστάμενοι
853 4063 1054 4153 πολεμίζειν.

134 4163 225 4248 αάτδς
244 4165 309 4254 τάρ
332 4189 414 4254 σφιν
435 4161 540 4233 ἔδωκε
560 4165 665 4248 νάναξ
685 4163 812 4254 ἀνδρῶν
835 4163 1049 4254 Ἀααμέμνων

135 4271 207 4357 νῆας
226 4268 426 4353 ἐυσσέλμους
447 4267 574 4357 περάαν
594 4267 655 4336 ἐπὶ
676 4265 819 4338 νοίνοπα
841 4269 977 4350 πόντον,

168 4494 213 4548 50⁰
230 4491 322 4552 οὕνεκ’
337 4491 454 4566 ἀριστος
467 4487 530 4558 ἔην,
545 4489 617 4545 πολὺ
630 4491 661 4545 δὲ
674 4493 822 4552 πλείστους
834 4491 886 4548 ἀνι
898 4491 988 4552 λαούς.
