3130 5192
267 281 310 350 83
675 285 699 334 τ.
738 279 962 334 mmm

267 435 387 528 δίφρος
408 435 446 502 δέ
465 434 635 524 χρυσέοισι
656 436 714 504 καὶ
737 432 947 525 ἀρνυρέοισιν
969 429 1086 518 ἱμᾶσιν

265 537 449 618 ἐντέταται,
472 539 566 606 δοιαὶ
588 538 627 606 δὲ
648 537 849 628 περίδρομοι
871 533 1005 617 ἀνιυνες
1026 533 1118 604 εἰσίν.

265 641 325 708 τοῦ
348 635 381 706 δ’
403 638 440 720 ἐξ
459 635 615 729 ἀρνύρεος
636 641 737 729 ρυμδς
758 641 870 709 πέλεν·
893 635 995 729 αὐτάρ
1016 634 1073 706 ἐπ’
1096 634 1188 726 ἀκρῳ

212 769 252 810 τω
267 743 364 830 δῆσεν
384 739 534 828 χρύσειον
554 743 653 810 καλὸν
676 741 784 824 ζυτόν,
807 741 842 809 ἐν
863 739 902 808 δέ
923 740 1072 808 λέπαδνα

266 839 334 910 κάλ’
358 839 485 929 έβαλεν,
507 840 642 931 χρύσει’.
686 838 755 911 ύπδ
777 843 815 910 δέ
837 842 932 924 ζυτὸν
952 837 1172 932 ήνατενἭρη

266 949 397 1025 ἵππους
418 945 610 1027 ώκύποδας,
633 941 768 1030 μεμαυῖ’
791 940 903 1032 ἔριδος
924 943 981 1012 καὶ
1003 939 1116 1031 αἀτής.

266 1045 368 1136 αύτάρ
390 1044 569 1138 Ἀθηναίη,
592 1046 690 1137 κούρη
713 1047 799 1127 Διὸς
821 1042 1003 1130 αίνιόχοιο,

267 1148 398 1218 πέπλον
418 1149 479 1234 μὲν
499 1148 668 1232 κατέχευεν
689 1144 784 1216 ἑανὸν
807 1147 933 1238 πατρὸς
954 1142 1013 1214 ἐπ’
1036 1141 1147 1228 ούδει,

214 1278 254 1320 τευ
268 1248 436 1332 ποικίλον,
460 1248 497 1318 ὅν
518 1248 549 1340 ῥ’
572 1247 653 1341 αύτή
677 1250 843 1340 ποιήσατο
865 1251 923 1318 καὶ
945 1249 1030 1335 κάμε
1051 1246 1174 1337 χερσίν,

266 1347 286 1442 ἢ
310 1351 349 1420 δέ
369 1349 481 1436 χιτῶν’
503 1353 622 1421 ἐνδῦσα
644 1353 730 1433 Διός
751 1351 1005 1442 νεφελητερέταο

265 1453 412 1536 τεύχεσιν
433 1453 468 1534 ἐς
489 1452 636 1538 πόλεμον
657 1452 852 1543 θωρήσσετο
875 1451 1083 1540 δακρυόεντα.

267 1551 355 1644 ἀμφὶ
379 1551 413 1622 δ’
437 1551 491 1644 ἀρ’
513 1551 655 1641 ὤμοισιν
675 1551 787 1642 βάλετ’
812 1552 929 1622 αίτίδα
942 1553 1180 1647 Ιθυσσνόεσσαν

267 1657 394 1748 δεινήν,
417 1653 457 1748 ἣν
478 1657 556 1747 πέρι
577 1657 636 1742 μὲν
658 1657 765 1746 πάντη
789 1656 895 1746 φόβος
916 1656 1158 1747 ἐστεφάνωται,

214 1787 254 1827 ιω
267 1757 302 1826 ἐν
323 1755 356 1826 δ’
379 1755 462 1846 ἔρις,
486 1757 520 1825 έν
542 1755 575 1826 δ’
597 1755 696 1848 ἀλκή,
719 1759 753 1826 ἐν
775 1759 813 1826 δὲ
834 1757 997 1846 κρυόεσσα
1018 1757 1141 1854 τιωκή,

266 1860 301 1928 ἐν
323 1860 360 1928 δέ
380 1885 416 1928 τε
439 1859 575 1950 Γοργείη
599 1861 725 1952 κεφαλή
748 1862 871 1928 δεινοῖο
893 1859 1045 1948 πελώρου

267 1962 360 2052 δεινή
381 1988 418 2030 τε
439 1963 580 2053 σμερδνή
601 1989 654 2047 τε,
677 1965 763 2044 Διὸς
783 1965 882 2051 τέρας
904 1959 1081 2044 αἰτιόχσιο.

265 2063 362 2154 κρατί
384 2061 417 2132 δ’
441 2061 497 2132 ἐπ’
521 2062 715 2157 ἀμφίφαλον
737 2065 849 2156 κυνέην
870 2062 953 2132 θέτο
975 2061 1221 2153 τετραφάληρον

264 2165 424 2257 χρυσείην,
447 2165 564 2235 ἑκατόν
585 2167 714 2236 πολίων
735 2163 911 2256 πρυλέεσσ’
936 2162 1105 2253 ἀραρυῖαν.

213 2291 252 2333 ιιι
265 2268 301 2349 ἐς
322 2266 355 2336 δ’
377 2265 456 2354 όχεα
478 2269 604 2361 φλόνεα
626 2272 711 2338 ποσὶ
732 2269 867 2359 βήσετο,
890 2266 1006 2348 λάζετο
1030 2262 1062 2333 δ’
1083 2261 1178 2348 έτχος

264 2371 370 2458 βριθύ
392 2372 478 2456 μένα
499 2373 674 2460 στιβαρόν,
696 2374 745 2460 τῷ
768 2370 911 2460 δάμνησι
935 2367 1050 2452 στίχας
1072 2365 1199 2457 ἀνδρῶν

266 2467 381 2560 ήρώων
400 2472 508 2541 τοῖσίν
528 2499 566 2541 τε
587 2473 781 2542 κοτέσσεται
803 2467 1071 2560 ἀμβριμοπάτρη.

257 2570 343 2664 Ἥρη
368 2573 404 2641 δέ
425 2574 565 2659 μάστινι
588 2577 679 2654 θοῶς
700 2569 873 2661 ἐπεμαίετ’
895 2569 948 2661 ἀρ’
971 2574 1115 2652 ἵππους·

267 2670 451 2761 αὐτόμαται
474 2676 512 2744 δέ
534 2676 640 2744 πύλαι
661 2675 763 2761 μύκον
784 2672 934 2763 ούρανοῦ,
958 2669 998 2752 ἀς
1020 2669 1094 2755 ἔχον
1109 2663 1218 2762 Ὧραι,

213 2801 252 2843 ιω
265 2801 326 2866 της
346 2775 590 2866 ἐπιτέτραπται
612 2778 717 2863 μένας
739 2775 876 2865 ούρανδς
900 2771 1077 2858 Ούλνμπός
1097 2783 1146 2856 τε,

265 2875 347 2967 ήμέν
370 2875 540 2947 ἀνακλῖναι
562 2881 702 2948 πυκινὸν
723 2879 821 2970 νέφος
843 2873 898 2966 ἡδ’
920 2875 1103 2944 ἐπιθεῖναι.

265 2981 307 3070 τῇ
327 2984 368 3068 ῥα
391 2977 438 3047 δι’
462 2977 592 3049 αὐτάων
613 2978 837 3070 κεντρηνεκέας
859 2975 932 3063 ἔχον
953 2980 1089 3058 ἵππους.

266 3073 359 3170 εὗρον
381 3084 419 3150 δέ
440 3081 613 3173 Κρονίωνα
635 3085 726 3152 θεῶν
748 3078 825 3172 άτερ
847 3079 965 3169 ἥμενον
986 3077 1092 3148 άλλων

267 3178 432 3274 ἀκροτάτη
455 3187 581 3276 κορυφή
603 3185 845 3273 πολυδειράδος
869 3181 1073 3268 Οὐλύμποιο.

211 3310 252 3352 τοι
265 3277 340 3350 ἕνθ’
362 3286 491 3363 ἵππους
513 3285 663 3375 στήσασα
684 3287 752 3353 θεά
774 3284 971 3364 λευκώλενος
984 3282 1071 3374 Ἥρη

266 3379 345 3472 Ζῆν’
369 3383 497 3452 ύπατον
519 3383 683 3474 Κρονίδην
704 3384 846 3474 ἐξείρετο
869 3387 926 3454 καί
949 3389 1172 3474 προσένειπεν

260 3479 353 3549 ι(Ζεῦ
374 3483 495 3571 πάτερ,
519 3482 558 3552 ού
580 3484 729 3574 νεμεσίζῃ
750 3481 844 3575 ’Ἀρει
866 3488 947 3556 τάδε
967 3485 1058 3578 στέρν’
1080 3484 1236 3579 ἀνίδηλας

266 3582 423 3652 ὁσσάτιόν
444 3609 479 3652 τε
501 3587 558 3654 καὶ
580 3579 653 3654 οίον
675 3583 829 3656 ἀπώλεσε
851 3591 932 3659 λαόν
952 3587 1096 3675 Ἀχαιῶν

265 3683 357 3776 μάψ,
380 3682 464 3774 ἀτάρ
487 3683 525 3754 σύ
546 3687 630 3754 κατά
652 3686 787 3773 κόσμον,
811 3689 886 3775 ἐμοὶ
913 3688 947 3759 δ’
969 3689 1057 3776 ἀχος.
1102 3688 1195 3762 οἵδέ
1219 3692 1352 3784 τίκηλοι

212 3815 253 3858 τεο
265 3785 443 3876 τέρπονται
464 3788 597 3878 Κύπρις
618 3790 733 3857 τεκαὶ
756 3786 972 3880 ἀρτυράτοξος
992 3791 1179 3875 Ἀπόλλων,

265 3885 395 3980 άφρονα
416 3891 532 3959 τοῦτον
554 3886 695 3972 ἀνέντες,
718 3886 756 3972 ὃς
777 3889 819 3960 ού
839 3919 913 3961 τινα
933 3897 1026 3965 νοῖδε
1048 3896 1206 3982 θέμιστα.

265 3991 331 4058 Ζεῦ
351 3989 471 4079 πάτερ,
494 3986 516 4081 ἦ
538 3993 580 4082 ῥά
601 3991 637 4059 τί
656 4017 716 4076 μοι
737 3996 938 4078 κεχολώσεαι
961 3995 997 4066 εἵ
1014 4023 1069 4066 κεν
1088 3995 1197 4089 ’Άρηα

263 4095 387 4182 λοι-ρώς
408 4097 598 4185 πεπλητυῖα
619 4094 724 4185 μάχης
746 4094 1017 4183 ἐξαποδίωμαι,·”

304 4196 366 4286 τήν
387 4193 419 4263 δ’
441 4193 711 4282 ἀπαμειβόμενος
732 4198 885 4290 προσέφη
908 4201 1143 4292 νεφεληνερέτα
1164 4201 1250 4284 Ζεύς

212 4293 383 4386 ιιι“άι·ρει
404 4297 468 4387 μήν
488 4323 544 4365 ,τοι
566 4293 710 4384 ἔπορσον
730 4294 914 4390 Ἀθηναίην
936 4298 1100 4392 ἀτελείην,

270 4395 287 4420 (Ι

265 4423 285 4488 η
307 4423 345 4465 ,τε
365 4397 500 4483 μάλιστ’
522 4394 647 4468 ε’ίτωθε
669 4401 773 4488 κακῇς
794 4395 930 4493 όδύνησι
954 4401 1138 4486 πελάζειν.”
