3130 5192
581 351 620 398 11.
653 346 877 400 ΙΛῙΑΔΟΣΛ

122 539 163 584 ατε
221 501 278 567 τδν
300 497 332 568 δ’
354 495 400 580 ὦς
422 491 478 568 ούν
498 498 607 592 ἐνόησ’
627 499 817 588 ’.Ευαίμονος
839 499 962 583 άτλαδς
981 497 1054 582 υίός

176 599 371 694 Εὐρύπυλος
392 609 564 672 πυκινοῖσι
585 604 783 692 βιαζόμενον
803 604 983 692 βελέεσσιν,

176 709 238 796 στῆ
260 711 302 796 ῥα
324 702 406 795 παρ’
429 703 527 774 αύτόν
550 704 620 789 ίιύν,
643 708 700 774 καί
723 703 878 776 ἀκόντισε
900 707 995 796 δουρὶ
1017 709 1166 797 φαεινῷ,

177 809 233 875 καί
256 809 340 894 βάλε
362 807 558 898 Φαυσιάδην
577 804 779 890 Ἀπισάονα,
802 807 949 894 ποιμένα
969 810 1071 890 λαῶν,

176 904 267 1001 ἧπαρ
289 909 357 980 ὑπὸ
379 909 571 1001 πραπίδων,
595 903 696 998 εἶδαρ
719 907 754 978 δ’
776 906 844 978 ύπὸ
865 906 999 978 τούνατ’
1022 907 1144 981 ἔλυσεν.

121 1043 162 1082 τεο
177 1010 370 1101 Εὐρύπυλος
393 1010 424 1080 δ’
447 1011 623 1101 ἐπόρουσε,
647 1012 705 1078 καὶ
728 1009 842 1080 αἴνυτο
863 1010 971 1094 τεύχε’
994 1008 1057 1079 ἀπ’
1080 1011 1186 1101 ἀίμων.

176 1117 234 1182 τδν
256 1113 288 1182 δ’
311 1114 355 1197 ὥς
378 1109 433 1184 οὖν
455 1115 585 1206 ἐνόησεν
605 1112 820 1204 Ἀλέξανδρος
840 1116 1020 1206 θεοεειδής

176 1215 280 1304 τεύχε’
303 1215 528 1304 ἀπαινύμενον
549 1215 767 1300 Ἀπισάονος,
791 1214 912 1286 αύτίκα
933 1219 1030 1302 τόξον

178 1319 282 1388 ἕλκετ’
305 1317 363 1389 ἐπ’
386 1319 586 1409 Εὐρυπύλῳ,
609 1318 668 1388 καί
688 1345 746 1405 μιν
767 1321 849 1406 βάλε
870 1324 976 1412 μηρόν
997 1320 1104 1412 ὀιστῷ

178 1421 300 1504 δεξιόν·
322 1423 472 1512 ἐκλάσθη
496 1423 532 1490 δὲ
555 1423 670 1505 δόναξ,
695 1423 830 1511 ἐβάρυνε
852 1425 889 1492 δὲ
910 1425 1024 1515 μηρόν.

122 1551 162 1592 τεο
180 1520 233 1614 ἀφ
256 1521 287 1592 δ’
309 1522 434 1614 ἑτάρων
456 1525 490 1605 ἐς
510 1525 631 1604 εόθνος
652 1525 786 1608 ἐχάζετο
807 1523 882 1617 κῆρ’
905 1524 1072 1611 ἀλεείνων,

176 1623 273 1716 ἤυσεν
296 1627 333 1694 δὲ
357 1627 572 1716 διαπρύσιον,
596 1633 765 1697 Δαναοῖσι
785 1629 950 1712 εει-ωνιύς,

173 1723 227 1795 “03
250 1729 345 1820 φίλοι
358 1727 514 1819 Ἀργείων
535 1727 692 1820 ἡτήτορες
714 1727 774 1820 ἠδὲ
795 1730 971 1814 μέδοντες,

179 1828 272 1921 στῆτ’
293 1830 517 1915 ἐλελιχθέντες
537 1831 595 1898 καί
621 1828 757 1916 ἀμύνετε
779 1833 890 1923 νηλεὲς
911 1828 1000 1923 ἦμαρ

177 1929 324 2014 Αἴανθ’,
349 1929 387 2014 λίς
407 1931 558 2019 βελέεσσι
579 1933 749 2019 βιάζεται·
771 1930 851 2003 ούδέ
871 1959 910 2002 εε
930 1935 1019 2026 φημί

121 2067 162 2106 ευο
177 2031 337 2130 φεύξεσθ’
359 2035 396 2102 ἐκ
419 2035 568 2119 πολέμου
591 2034 775 2124 δυσεηχέσς.
821 2032 905 2102 ἀλλά
927 2033 1003 2121 μάλ’
1027 2033 1124 2128 ἀντην

176 2133 317 2204 ἵστασθ’
340 2133 426 2228 ἀμφ’
448 2135 587 2204 Αἴαντα
607 2135 723 2222 μέν-αν,
750 2137 960 2221 Τελαμώνιον
982 2135 1084 2208 υλόν.”

219 2231 264 2318 ὧς
287 2235 384 2330 ἔφατ’
408 2235 601 2326 Εὐρύπυλος
622 2237 834 2328 βεβλημένος·
857 2234 894 2307 οἵ
913 2241 950 2307 δὲ
972 2241 1055 2330 παρ’
1082 2237 1183 2309 αὐτόν

175 2340 315 2431 πλησίοι
338 2337 491 2430 ἔστησαν,
515 2339 608 2410 σάκε’
631 2338 774 2426 ιύμοισιν
796 2339 978 2424 κλίναντες,

177 2440 311 2531 δούρατ’
334 2439 556 2529 ἀνασχόμενοι.
601 2446 666 2510 τῶν
689 2440 722 2511 δ’
744 2440 855 2525 ἀντίος
875 2441 1001 2535 ἤλυθεν
1022 2443 1137 2530 Αίάς,

122 2575 162 2616 ονε
177 2548 238 2638 στῆ
261 2545 298 2613 δέ
318 2543 597 2635 μεταστρεφθείς,
621 2546 698 2614 ἐπεὶ
720 2548 811 2618 ἵκετο
832 2548 956 2629 εύθνος
978 2545 1134 2636 ἑταίρων..

219 2641 264 2728 ιιῖς
286 2645 321 2715 οἵ
337 2647 398 2733 μὲν
417 2648 582 2734 μάρναντο
605 2648 708 2735 δείμας
729 2652 835 2737 πυρὸς
858 2649 1071 2736 αἰθομένοιο·

177 2750 328 2838 Νέστορα
351 2746 383 2816 δ’
406 2749 443 2818 ἐκ
465 2751 629 2835 πολέμοιο
651 2751 754 2842 φέρον
776 2752 925 2842 Νηλήιαι
947 2754 1054 2821 ἵπποι

177 2849 341 2942 ίδριύσυσ’,
363 2847 443 2943 ἦσαν
465 2850 502 2920 δὲ
526 2853 694 2935 Μαχάονα
716 2853 860 2937 ποιμένα
882 2856 983 2921 λαιόν.

173 2957 231 3022 τδν
252 2955 289 3022 δὲ
308 2956 411 3022 ειδιδν
432 2955 545 3044 ἐνόησε
567 2955 739 3044 ποδάρκης
761 2957 834 3034 δῖος
855 2953 1044 3037 Ἀχιλλεύς·

120 3093 161 3132 eoo
175 3053 305 3146 ἑστήκει
327 3058 390 3147 τδρ
413 3057 473 3126 ἐπί
495 3059 626 3145 πρυμνῇ
647 3055 831 3144 μετακήτεϊ
849 3056 916 3146 νηί,

176 3157 333 3249 εἰσορόων
355 3159 458 3228 πόνον
480 3157 582 3226 αἰπύν
604 3155 688 3225 ἰῶκά
709 3182 746 3224 τε
769 3158 1001 3246 δακρυόεσσαν.

176 3255 266 3351 αἶψα
288 3259 319 3328 δ’
342 3258 470 3351 ἑταῖρον
492 3259 565 3328 ἐεάν
587 3261 788 3347 Πατροκλῆα
811 3261 1050 3348 προσύεειπεν,

175 3363 407 3456 φάει-ξάμενος
429 3365 520 3451 παρά
543 3361 634 3453 νηός·
658 3355 678 3428 δ’
701 3363 737 3430 δὲ
759 3362 935 3453 κλισίηθεν
957 3360 1106 3446 ἀκούσας

175 3467 293 3552 ἔκμολε
315 3473 409 3548 ,τῖσος
427 3464 536 3558 Ἄρηι,
559 3467 664 3534 κακοῦ
686 3463 717 3532 δ’
742 3462 806 3554 δίρα
827 3493 882 3534 τοι
904 3468 1003 3536 πέλεν
1025 3465 1129 3560 ἀρχή·

124 3569 252 3646 soffia
275 3570 494 3659 Μενοιτιάδη,
516 3571 563 3658 τῷ
585 3569 654 3660 ἐμῷ
676 3571 887 3658 κεχαρισμένε
907 3573 1027 3662 θυμῷ,

280 3812 388 3871 πάντας
406 3813 438 3865 δὲ
456 3815 609 3884 προέεερτε
627 3807 698 3870 θοὰς
717 3812 763 3864 ἐπὶ
785 3817 852 3879 νῆας
869 3813 995 3878 ὁδεύειν,

212 3903 262 3952 570
279 3897 362 3958 αὐτὸς
380 3898 412 3951 δὲ
431 3897 536 3972 Τρώων
553 3899 599 3949 καὶ
617 3895 733 3966 Ἀχαιῶν
751 3901 820 3952 θῦνε
837 3899 960 3966 μεσητάς

281 3981 438 4058 ἱστάμενος.
474 3983 507 4036 τά
528 3982 558 4036 δὲ
579 3982 667 4053 δοῦρα
685 3980 847 4056 θρασειάων
865 3984 923 4039 ἀπὸ
938 3989 1043 4057 χειρῶν

278 4069 347 4126 ἄλλα
364 4072 417 4143 μὲν
436 4070 466 4122 ἐν
485 4065 565 4122 σάκεϊ
580 4063 694 4138 μετάλῳ
713 4067 806 4122 πάτεν
823 4069 930 4142 ὄρμενα
948 4071 1080 4142 πρόσσω,

279 4157 371 4212 πολλὰ
390 4155 420 4208 δὲ
439 4157 485 4206 καλ
501 4151 642 4226 μεσσητύ,
663 4149 753 4227 πάρος
766 4152 841 4228 χρόα
859 4158 957 4214 λευκὸν
975 4159 1127 4234 ἐπαυρεῖν,

278 4244 309 4299 ἐν
324 4249 391 4315 ταίη
410 4241 536 4303 ἵσταντο,
557 4235 719 4312 λιλαιόμενα
733 4241 823 4310 χροὸς
840 4237 919 4297 άσαι.

210 4335 260 4384 605
279 4327 328 4384 τὸν
345 4325 482 4402 πρότερος
500 4329 670 4400 προσύνειπε
689 4331 846 4382 Μενοιτίου
864 4325 981 4403 ἄλκιμος
998 4327 1058 4391 υἱός

276 4415 380 4470 “τύπεε
397 4431 434 4488 με
451 4411 604 4482 κικλήσκεις
621 4410 740 4482 Ἀχιλεύς
758 4417 787 4464 τί
804 4413 838 4466 δέ
854 4429 885 4468 σε
899 4413 975 4486 χρεὼ
993 4413 1107 4486 queso?

278 4501 376 4559 τόνδ’
395 4497 623 4575 ἀπαμειβόμενος
641 4501 773 4572 προσέφη
792 4497 883 4560 πόδας
901 4499 972 4562 ύιιὺς
988 4497 1126 4572 Ἀχιλλεύς

1039 4588 1093 4640 12*
