3084 5190
279 389 307 432 lV
745 386 912 430 rodeberto

363 537 496 600 Primum
513 537 599 618 igitur
615 556 717 599 versus
737 538 855 620 spurios
870 537 1106 618 aliquammultos
1120 537 1227 612 notavi,
1241 555 1293 598 eos
1308 537 1385 598 dun·

279 679 355 733 taxat
370 670 476 750 quibus
492 669 635 750 exemptis
650 679 752 750 poetae
767 671 810 732 vel
825 669 917 732 oratio
933 670 1025 731 lenius
1038 671 1184 751 prolicere
1199 669 1243 731 vel
1256 669 1385 731 narratio
1465 687 1470 698 ·

279 803 375 884 aptius
391 803 555 865 continuari
575 803 730 865 videretur.
761 803 798 865 ita
818 804 897 866 enim
912 804 1043 883 prolecto
1063 821 1110 864 res
1126 821 1158 864 se
1171 802 1259 866 babet
1272 811 1319 875 ιιι,
1339 809 1385 864 ta·

279 937 365 998 metsi
382 937 489 1000 frustra
505 935 592 1000 luerit
606 936 632 999 si
647 939 713 1018 quis
729 937 787 999 ullo
804 936 860 998 sibi
876 954 945 998 casu
956 944 1054 1016 speret
1067 955 1158 1015 posse
1172 936 1339 1016 contingere
1353 943 1387 996 ut

280 1071 386 1133 borum
403 1071 566 1133 carminum
582 1079 631 1132 aut
646 1089 818 1151 compagem
834 1070 928 1151 prima
944 1068 980 1130 ab
995 1067 1107 1148 origine
1120 1069 1213 1132 laxam
1226 1067 1388 1146 adstringat

280 1212 330 1266 aut
345 1211 443 1284 partes
458 1203 517 1265 iam
532 1221 625 1284 usque
637 1223 652 1264 a
664 1202 808 1265 Pisistrati
820 1202 961 1264 memoria
972 1201 1083 1264 luxatas
1099 1202 1129 1262 in
1144 1201 1240 1262 locum
1253 1207 1385 1279 reponat,

281 1344 379 1398 tamen
395 1355 607 1417 saepenumero
623 1335 733 1400 accidat
746 1342 778 1398 ut
794 1354 860 1397 cum
876 1334 945 1396 utile
962 1333 1000 1396 sit
1015 1343 1077 1397 tum
1092 1351 1130 1395 ne
1140 1332 1254 1395 difficile
1266 1331 1385 1412 quidem

283 1459 413 1554 ἀμάρης
427 1462 465 1546 ἒξ
477 1460 603 1550 ἔχματα
617 1463 760 1551 βάλλειν.

367 1601 489 1676 Deinde,
509 1612 542 1664 ut
561 1602 591 1663 in
607 1621 643 1664 eo
657 1619 762 1682 genere
777 1599 973 1662 subsistamus
993 1599 1071 1680 quod
1089 1598 1213 1679 speeiem
1230 1597 1385 1660 verborum

159 1821 160 1824 Ἴ
282 1737 401 1806 lormat,
418 1735 592 1797 sententiam
608 1753 670 1796 non
685 1750 863 1814 magnopere
878 1738 1052 1814 commutat,
1067 1730 1158 1792 littera
1174 1729 1287 1792 Aeolica
1302 1736 1388 1809 post-

283 1885 371 1948 quam
387 1877 417 1929 et
430 1875 572 1930 vetustate
587 1875 616 1928 et
631 1865 803 1947 negligentia
818 1873 986 1938 evanuerat,
1003 1862 1164 1925 admirabili
1179 1861 1287 1925 Rentlei
1302 1881 1387 1942 saga·

283 1999 367 2061 nitate
382 1999 418 2060 ab
438 1999 584 2062 oblivione
602 1999 744 2061 vindicata
764 1997 889 2078 perdiu
882 1997 980 2069 tacuit,
1000 1997 1070 2060 dum
1086 2015 1102 2057 o
1117 1996 1198 2058 bellis
1218 1994 1388 2057 bominibus

282 2131 426 2206 irridetur,
441 2150 458 2195 a
473 2133 542 2194 viris
557 2131 652 2193 doctis
672 2140 721 2194 aut
736 2129 877 2193 invidiose
896 2129 1085 2210 impugnatur
1099 2137 1149 2191 aut
1163 2128 1274 2192 insulse
1288 2129 1389 2190 deleu-

283 2263 371 2336 ditur,
387 2266 482 2326 donec
501 2265 538 2326 ab
554 2263 689 2344 lleynio
682 2282 711 2325 ιιι
727 2274 812 2324 notas
828 2263 928 2323 saltem
944 2261 1072 2324 admissa
1086 2270 1139 2323 est.
1170 2262 1257 2324 huius
1272 2279 1319 2323 me
1332 2279 1387 2322 ne·

283 2396 424 2459 cessarias
443 2395 580 2458 utilitates
600 2413 661 2458 non
685 2395 805 2458 decebat
822 2397 947 2476 amplius
972 2395 1129 2475 aspernari.
1165 2394 1262 2476 itaque
1286 2394 1388 2456 reduxi

283 2527 438 2608 digamma,
454 2527 506 2589 sed
521 2535 662 2608 quantum
676 2537 809 2608 poteram
824 2537 852 2590 et
866 2528 977 2602 licebat,
994 2535 1076 2590 caute
1090 2527 1324 2607 pedetentimque
1338 2546 1389 2589 re·

283 2660 361 2732 duri,
377 2661 452 2722 sed'
444 2678 475 2722 ιιι
490 2660 590 2722 sedern
606 2661 707 2722 reduxi
722 2679 816 2736 suam,
832 2661 978 2741 proditam
991 2661 1069 2723 illam
1081 2660 1241 2722 manifestis
1252 2658 1391 2739 uestigiis,

283 2809 344 2853 nen
360 2797 490 2872 optatam
504 2793 643 2872 cupideve
657 2801 813 2874 arreptam

369 2924 520 2987 Versum
511 2942 542 2986 ιιι
562 2925 665 3004 primis
687 2925 795 2989 attendi
815 2906 959 3001 studiose,
979 2945 1067 3006 quem
1087 2925 1246 3008 plurimum
1264 2925 1391 2990 valuisse

283 3057 318 3120 ad
347 3057 512 3136 fingendam
533 3057 758 3138 variandamque
776 3072 808 3120 et
832 3060 1065 3141 locupletandam
1089 3059 1216 3138 linguam
1240 3059 1389 3139 antiquam

283 3209 388 3254 omues
404 3191 599 3254 consentiunt
626 3210 661 3254 eo
677 3192 818 3272 magistro
831 3193 1031 3272 diphthongos
1042 3191 1310 3273 patronymicorum
1326 3191 1390 3254 dis·

283 3325 371 3396 solvi,
392 3342 543 3386 caesuram
561 3333 718 3402 augmento
737 3325 873 3403 syllabioo
893 3325 1061 3406 anteposui,
1087 3325 1176 3388 hiatui
1194 3341 1286 3387 unum
1312 3333 1391 3388 certe

283 3453 384 3535 reliqui
399 3454 577 3534 perhrgium‚
598 3455 728 3534 dactylus
747 3473 783 3516 an
800 3457 951 3535 spondeus
966 3459 1085 3538 eligatur
1100 3457 1286 3538 paucioribus
1301 3475 1390 3538 quam

283 3587 368 3666 vulgo
383 3594 487 3665 putant
501 3585 660 3648 hexametri
678 3585 750 3648 locis
770 3589 919 3667 optionem
940 3609 1006 3653 esse
1024 3592 1159 3654 intellexi.
1193 3590 1391 3654 blandimenta

283 3719 397 3782 aurium
411 3737 515 3799 parum
531 3717 685 3792 curabam,
700 3719 743 3781 sic
757 3720 834 3782 enim
850 3722 922 3784 mibi
937 3724 1163 3802 persuadebam,
1181 3741 1242 3786 non
1258 3725 1321 3786 lore
1335 3722 1390 3786 ab·

283 3869 357 3914 sona
378 3860 427 3912 aut
447 3850 571 3914 absurda
586 3869 661 3930 quae
675 3869 742 3915 vera
757 3861 786 3915 et
800 3854 924 3933 genuina
938 3874 1005 3918 esse
1020 3863 1096 3918 certa
1111 3855 1184 3918 ratio
1201 3857 1335 3918 efficeret.

369 3985 461 4066 htque
475 3983 635 4059 rationem,
654 3985 815 4064 simplicem
831 3986 948 4067 quidem
968 3996 996 4049 et
1011 3996 1157 4068 apertam,
1178 3989 1207 4050 in
1222 3987 1391 4053 accentibus

283 4137 401 4200 quoque
416 4127 533 4181 secutus
549 4136 630 4192 sum,
648 4117 816 4181 incredulus
831 4138 1044 4201 nonnunquam
1064 4121 1261 4200 grammaticis
1283 4121 1389 4183 veteri-

284 4253 353 4327 bus,
373 4251 481 4332 quippe
500 4271 575 4332 quos
596 4252 768 4333 opinionum
784 4253 960 4316 commentis
976 4253 1067 4333 ntagis
1083 4273 1170 4334 quam
1186 4254 1228 4316 rei
1242 4263 1344 4316 natura
1360 4263 1392 4316 et

282 4403 340 4448 usu
351 4384 417 4448 duoi
429 4384 567 4447 viderem
583 4385 660 4448 velut
670 4385 841 4465 particulam
852 4385 1052 4448 affirmativam
1065 4374 1099 4470 (ἦ
1108 4388 1176 4463 τοι)
1189 4405 1206 4448 a
1218 4385 1392 4449 disiunctira

283 4506 383 4598 (ἤτοι)
399 4517 525 4594 distinxi,
540 4517 722 4594 articulum(
710 4509 753 4594 (ὁ)
769 4536 785 4578 a
801 4515 977 4596 pronomine
992 4511 1049 4595 (ὅ),
1069 4517 1285 4582 substantivum
1302 4512 1390 4600 πριι-
