3148 5194
211 266 276 332 188
614 270 654 316 ιν.
694 268 881 320 muoz
900 271 943 320 m·

207 416 343 510 Ἕκτορι
366 419 489 503 πάντες
510 417 665 508 ἑπώμεθ’
687 419 828 506 ἀολλέες.
873 422 976 516 αι’πδρ
1001 419 1133 510 Ἀχαιοί

218 520 257 592 ου’
278 520 438 610 μενέονσ’,
462 521 492 593 εἰ
515 522 558 615 δή
579 548 660 617 σφιν
682 521 821 615 ὀλέθρου
844 524 976 617 πείρατ’
998 521 1177 618 έφήπται.”

59 605 62 614 ⁴
173 645 199 686 ω
263 619 308 708 ὦς
329 626 419 718 φάτο
440 625 676 713 Πουλυδάμας,
698 629 780 696 τάδε
802 627 835 697 δ’
848 629 982 720 Ἕκτορι
1005 631 1113 714 μῦθος
1135 623 1292 718 ἀπήμων,

216 726 337 798 αὐτίκα
360 727 392 798 δ’
414 729 451 814 έξ
471 726 574 816 ἀχέων
595 731 650 812 ξίν
670 731 817 816 τεύχεσιν
838 727 918 799 ὄλτο
939 731 1074 816 χαμᾶζ.

216 828 294 900 οάδέ
314 830 374 918 μέν
397 827 493 902 ὄλλοι
519 834 627 919 Τρῶες
649 832 705 926 ἐφ)
726 836 843 902 ἵππων
864 831 1080 925 ήτερέθοντο,

217 931 287 1002 ἀλλ’
310 929 380 1002 ἀπὸ
403 932 524 1016 πάντες
546 931 701 1024 ὄρουσαν,
725 936 803 1005 ἐπεὶ
824 935 918 1005 Ιείδον
930 933 1074 1024 Ἕκτορα
1097 937 1178 1004 δῖον.

214 1035 336 1127 ήνιόχῳ
356 1036 416 1122 μὲν
438 1033 557 1106 ἔπειτα
578 1039 646 1127 νεῷ
667 1037 821 1108 ἐπέτελλε
840 1039 1000 1117 νέκαστος

177 1163 203 1204 τε
216 1143 345 1221 ἵππους
367 1131 403 1208 εδ
424 1141 509 1208 κατά
530 1141 655 1228 κόσμον
676 1141 827 1231 ἐρυκέμεν
848 1133 931 1210 αὖθ’
953 1139 1013 1209 έπὶ
1034 1137 1167 1232 τάφρῳ·

218 1341 365 1429 πένταχα
385 1345 609 1437 κοσμηθέντες
630 1344 689 1432 ἀμ’
709 1343 926 1436 ήνεμόνεσσιν
947 1345 1079 1414 ἕποντο.

217 1444 254 1516 οἳ
272 1448 333 1535 μὲν
355 1445 413 1532 ἅμ’
427 1446 559 1536 Ἕκτορ’
582 1445 659 1517 ὄσαν
679 1449 738 1518 καὶ
760 1447 904 1535 ἀμύμονι
925 1445 1195 1532 Πουλυδάμαντι,

219 1547 254 1618 δι’
271 1553 424 1619 πλεῖστοι
447 1551 504 1618 καὶ
528 1547 659 1642 ὄριστοι
682 1549 773 1634 ὄσαν,
796 1552 947 1637 μέμασαν
968 1551 1006 1617 δέ
1026 1549 1173 1636 μάλιστα

174 1679 201 1719 νο
216 1657 323 1740 τεῖχος
345 1653 520 1746 ῥηξάμενοι
541 1652 654 1746 κοίλης
676 1653 734 1723 ίπὶ
756 1655 851 1746 νηυσὶ
872 1653 1053 1738 μάχεσθαι.

217 1753 275 1824 καί
297 1779 378 1848 σφιν
400 1755 586 1848 Κεβριόνης
606 1755 717 1844 τρίτος
739 1761 867 1827 εἵπετο·
889 1758 961 1845 πάρ
983 1754 1015 1824 δ’
1038 1751 1091 1844 ἀρ’
1113 1750 1250 1848 ὄχεσφιν

111 1861 116 1866 ’
218 1857 316 1928 ὄλλον
337 1858 526 1950 Κεβριόναο
546 1858 693 1949 χερείονα
714 1859 874 1928 κάλλιπεν
887 1857 1024 1946 Ἕκτωρ.

217 1965 282 2031 τῶν
304 1959 336 2029 δ’
360 1959 479 2054 ἑτέρων
499 1961 610 2053 Πάρις
631 1955 708 2053 η’ρχε
729 1965 787 2032 καί
808 1961 999 2041 Ἀλκάθοος
1020 1959 1077 2028 καλ
1099 1956 1260 2049 Ἀτήνωρ,

216 2067 282 2134 τῶν
304 2065 341 2133 δὲ
361 2063 480 2154 τρίτων
492 2065 624 2147 Ἕλενος
644 2065 701 2135 καὶ
723 2063 900 2159 Δηίφοβος
920 2061 1109 2154 θεοεειδής,

178 2193 204 2233 τε
218 2159 270 2236 υἷε
292 2165 358 2236 δόω
382 2167 570 2257 Πριάμοιο·
592 2167 704 2256 τρίτος
726 2166 759 2236 ‹5’
780 2164 819 2258 ήν
838 2164 957 2249 ’Ἄσιος
977 2167 1076 2258 ήρως,

215 2265 333 2350 ’Άσιος
350 2265 560 2360 Ὑρτακίδης,
583 2263 620 2337 ὃν
640 2267 843 2360 Ἀρίσβηθεν
864 2269 965 2362 φέρον
986 2271 1094 2336 ἵπποι

90 2381 98 2398 “
220 2369 368 2451 α’ίθωνες
388 2370 541 2456 μετάλοι,
566 2375 721 2457 ποταμοῦ
742 2367 812 2440 ὄπο
832 2372 1034 2461 Σελλήεντος.

216 2475 282 2542 τῶν
305 2475 342 2541 δὲ
362 2472 526 2562 τετάρτων
546 2466 641 2565 ήρχεν
662 2474 716 2554 ίδς
737 2472 822 2554 πάις
845 2470 1004 2558 ’Λνχίσαο

217 2574 374 2657 Αἰνείας,
398 2575 468 2662 άμα
489 2577 540 2665 τῷ
561 2601 600 2643 τε
622 2575 689 2643 δέω
711 2573 905 2666 Ἀντήνορος
925 2568 988 2655 υἷε,

58 2687 62 2713 ¹
164 2705 204 2745 100
217 2675 407 2769 Ἀρχέλοχός
426 2674 459 2744 τ’
473 2675 624 2763 Ἀκάμας
643 2703 690 2760 τε,
714 2676 821 2769 μάχης
841 2677 877 2746 έδ
898 2675 1030 2746 εειδότε
1051 2674 1169 2766 πάσης.

216 2781 404 2872 Σαρπηδών
426 2777 459 2849 δ’
480 2775 618 2872 ήιήσατ’
642 2776 844 2850 άτσκλειτῶν
864 2778 1061 2867 έπικοόρων,
1285 2777 1288 2786 ’

219 2885 304 2974 πρὸς
328 2881 359 2952 δ’
383 2881 476 2953 ἕλετο
498 2883 646 2952 Γλαῦκον
666 2883 724 2951 καὶ
747 2880 865 2975 ἀρήιον
887 2880 1139 2969 Ἀστεροπαῖον·

219 2981 256 3055 οἳ
273 2986 336 3074 νάρ
357 3011 413 3054 τοι
433 2984 593 3080 πείσοντα
610 2987 783 3076 διακριδὸν
805 2979 891 3055 εἶναι
912 2979 1047 3072 ὄριστοι

218 3091 282 3157 τῶν
304 3085 412 3157 ἀλλων
432 3088 518 3175 μετά
538 3085 571 3154 r'
595 3084 707 3158 αάτόν·
731 3083 752 3157 δ
777 3087 814 3156 δέ
836 3087 945 3175 πρέπε
967 3084 1024 3152 καὶ
1048 3085 1105 3152 διὰ
1127 3083 1267 3150 πόντων.
1367 3091 1369 3098 ’

166 3217 206 3258 τοι
221 3188 260 3262 οἳ
277 3188 310 3261 δ’
333 3193 410 3262 ἐπεὶ
432 3188 592 3281 ἀλλήλους
613 3187 735 3281 δίραρον
755 3191 892 3280 τυκτῇσι
914 3187 1060 3275 βόεσσιν,

218 3295 282 3382 βάν
303 3290 334 3384 ῥ’
358 3292 437 3375 λθδς
458 3295 601 3361 Δαναῶν
622 3292 823 3382 λελιημένοι,
846 3287 922 3358 οὐδ’
944 3285 992 3356 ἔτ’
1014 3285 1136 3379 ἔφαντο

166 3481 171 3490 ¹
218 3391 382 3486 σχήσεσθ’
405 3390 475 3462 ἀλλ’
497 3393 531 3462 δν
551 3395 644 3483 νηυσὶ
666 3390 858 3482 μελαίνῃσιν
879 3392 1075 3459 πεσέεσθαι.

260 3493 334 3567 ὄνθ’
358 3491 455 3564 ὄλλοι
482 3497 591 3584 Τρῶες
612 3490 816 3584 τηλεκλειτοί
836 3489 866 3559 τ’
889 3489 1065 3580 ἐπίκουροι

219 3599 322 3690 βουλῇ
342 3596 624 3682 Πουλυδάμαντος
645 3592 840 3685 ἀμωμήτοιο
861 3593 1021 3663 πίθοντο·

165 3729 204 3769 ιιο
220 3698 288 3769 ἀλλ’
311 3697 369 3783 οὐχ
386 3695 581 3789 Ὑρτακίδης
603 3695 691 3766 ἔθελ’
711 3693 842 3779 Ἄσιος,
865 3692 1010 3784 ὄρχαμος
1031 3693 1173 3786 ἀνδρῶν,

220 3796 304 3871 αὖθι
326 3804 439 3868 λιπεῖν
461 3802 590 3881 ἵππους
610 3826 647 3869 τε
668 3801 727 3868 καὶ
749 3797 880 3891 ήνίοχον
901 3797 1110 3889 θεράποντα,

220 3902 305 3972 ἀλλὰ
327 3903 385 3973 σδν
408 3900 557 3972 αὐτοῖσιν
579 3903 721 3972 πέλασεν
743 3902 857 3995 νήεσσι
878 3905 1001 3993 θοῇσιν
1195 3887 1202 3904 ’

219 4004 352 4097 νήπιος,
376 4001 448 4074 οὐδ’
471 4001 525 4094 ἀρ’
549 4003 664 4092 ἔμελλε
684 4007 790 4087 κακὰς
810 4004 878 4074 άπὸ
900 4007 1002 4095 κήρας
1024 4000 1157 4086 ἀλύξας,

219 4111 381 4177 ἵπποισιν
401 4107 459 4175 καὶ
482 4103 620 4198 ὄχεσφιν
641 4104 861 4195 ἀταλλόμενος
883 4109 975 4197 παρὰ
996 4113 1081 4196 νηῶν

167 4238 207 4280 ιιι
222 4207 275 4303 ὄψ
298 4207 542 4300 ἀπονοστήσειν
564 4211 664 4299 προτὶ
687 4211 801 4281 Γίλιον
821 4209 1035 4302 ήνεμόεσσαν·

221 4313 372 4403 πρόσθεν
393 4313 455 4404 νάρ
476 4339 535 4400 μιν
555 4318 655 4400 μοῖρα
677 4313 864 4398 δυουίνυμος
885 4310 1123 4404 ἀμφεκάλυψεν

220 4413 310 4501 ὄτχει
336 4414 519 4508 Ἰδομενῆος
540 4412 665 4484 ἀταυοῦ
686 4413 904 4487 Δειοταλίδαο.
