3084 5190
312 325 333 392 2

314 489 354 550 Δ.
400 477 518 572 όρκίων
532 479 695 564 σύν-χυσις.
731 473 972 564 Ἅπαμὲμνονσς
993 474 1213 567 άπιπιύλησις.
1434 471 1450 528 4

381 602 458 666 ἐδοξε
470 608 528 664 τοῖς
539 607 619 662 θεοῖς
630 597 772 672 τήνἼλιον
783 598 900 658 ἁλῶναι·
913 599 959 655 διὸ
974 597 1078 668 Ἀθηνᾶ
1091 603 1242 656 Μενέλαον
1253 601 1417 668 τοξευθῆναι

411 684 468 742 ύπδ
490 685 644 761 Πανδάρου
664 683 862 760 παρεσκεύασε.
890 687 936 740 καλ
953 681 1025 740 οὕτω
1042 687 1240 756 σοι-χυθέτπων
1254 687 1311 740 τῶν
1328 679 1420 756 δρκων

411 769 545 844 Μαχάων
559 773 613 846 μέν
628 775 704 826 ἐᾶται
717 775 879 837 Μενέλαον,
893 771 1075 845 Ἅναμέμνων
1084 770 1116 825 δέ
1128 766 1264 826 ἀπελθών
1273 769 1324 838 τήν
1337 783 1420 843 στρα-

410 856 474 914 τιάν
486 860 621 932 παρορμᾷ
634 859 673 917 είς
684 855 733 914 τὸν
745 853 877 928 πόλεμον.
897 859 1037 928 συμβολῆς
1046 856 1078 912 δέ
1085 858 1236 928 πενομένης
1245 857 1346 910 πολλοὶ
1355 855 1419 910 ἐκα-

411 946 536 1017 τέρωθεν
547 939 736 1016 ἀναιροῦνται.

313 1085 349 1148 Ε.
394 1081 589 1171 Διομήδους
609 1075 772 1169 ἀριστεία.
1434 1077 1451 1134 ἴι

380 1199 527 1273 Διομήδης
548 1198 668 1270 Ἀθηνᾶς
689 1198 764 1270 αύτῷ
785 1202 1049 1274 συλλαμβανομένας
1070 1197 1209 1272 ἀριστεύει
1229 1201 1275 1253 καλ
1296 1197 1420 1258 πολλοὺς

411 1285 522 1360 ἀναιρεῖ
536 1289 593 1344 τῶν
609 1289 766 1358 πολεμίων,
783 1283 929 1362 τιτρώσκει
944 1285 976 1340 δέ
991 1281 1161 1357 Ἀφροδίτην
1176 1282 1245 1338 κατά
1264 1286 1311 1353 τής
1321 1281 1420 1356 χειρὸς
1516 1322 1517 1402 η

412 1375 459 1428 καλ
477 1367 558 1447 Ἄρεα
581 1369 653 1428 κατά
679 1375 729 1426 τοῦ
754 1375 895 1432 κενεῶνας.
924 1374 1044 1426 Αἰνείαν
1063 1371 1095 1426 δέ
1111 1373 1252 1438 πληι-ίντα
1267 1367 1315 1424 ὑπ’
1333 1367 1419 1423 αύτοῦ

412 1462 486 1528 λίθῳ
499 1454 642 1513 Ἀπόλλων
658 1456 797 1520 διασιύζει.
824 1454 1007 1527 Τληπόλεμος
1018 1455 1049 1509 δέ
1066 1452 1123 1508 ὑπὸ
1138 1451 1326 1528 Σαρπηδόνος
1338 1449 1419 1508 ἀναι-

411 1548 508 1617 ρεῖται.
532 1545 572 1612 τῷ
589 1542 621 1596 δέ
632 1537 705 1617 Ἄρει
714 1539 783 1603 Ζεὺς
795 1537 965 1609 ἐπιπλήττει,
978 1543 1053 1594 ἐᾶται
1066 1540 1098 1595 δέ
1111 1536 1196 1596 αύτὸν
1207 1537 1323 1610 Παιήων
1335 1535 1350 1594 ὁ
1362 1542 1419 1593 τῶν

411 1625 603 1701 θεαῖνέατρός.

312 1757 350 1816 Ζ.
385 1747 543 1836 Ἕκτορος
567 1748 623 1814 καὶ
644 1743 869 1838 Ἀνδρομάχης
889 1745 1013 1832 ὁμιλία.
1433 1770 1451 1824 ϋ

380 1873 436 1925 τῶν
455 1872 532 1925 θεῶν
552 1865 739 1924 ἀποστάντων
760 1872 807 1938 τῆς
826 1866 919 1941 μάχης
940 1872 969 1924 οἱ
984 1865 1109 1936 Ἓλληνες
1132 1863 1254 1928 πολλοὺς
1270 1864 1417 1937 ἀναιροῦσι

411 1959 468 2011 τῶν
482 1951 596 2030 Τρύων.
620 1953 733 2009 Ἑλένου
753 1954 786 2010 δέ
807 1953 1068 2027 συμβουλεύσαντος
1082 1950 1186 2028 Ἕκτωρ
1208 1957 1248 2014 είς
1267 1951 1317 2021 τήν
1333 1949 1419 2007 πόλιν
1518 1969 1519 1976 ’

410 2035 503 2096 ἄνεισι
519 2041 565 2092 καλ
580 2041 613 2112 τή
628 2042 714 2110 μητρί
732 2035 832 2112 Ἑκάβη
849 2037 950 2093 κελεύει
969 2035 1105 2101 εὔξασθαι
1120 2042 1154 2112 τή
1169 2036 1274 2107 Ἀθηνᾷ
1289 2041 1335 2091 καλ
1348 2035 1420 2090 ύπο·

412 2127 535 2195 σχέσθαι
553 2121 621 2197 αύτῇ
639 2121 751 2178 δώδεκα
763 2127 840 2192 βοῶν
850 2129 964 2194 θυσιάν,
977 2120 1055 2184 ὅπως
1065 2124 1116 2177 τὸν
1127 2121 1277 2197 Διομήδην
1289 2119 1418 2190 ἀποστή-

412 2228 470 2266 σειε
486 2213 534 2278 τής
549 2207 648 2282 μάχης.
674 2215 740 2270 τέως
755 2211 786 2264 δέ
802 2206 892 2266 ὄντων
908 2206 1000 2264 αὐτῶν
1022 2211 1053 2264 ἐν
1069 2212 1108 2278 τῷ
1125 2208 1216 2278 πεδίηι
1234 2209 1355 2266 Ῑλαύκος
1372 2210 1417 2260 καλ

412 2293 561 2366 Διομήδης
572 2292 812 2368 ἀνατνωρίσαιτες
823 2299 922 2366 φιλίαν
935 2293 1072 2366 πατρικήν
1082 2290 1288 2350 διαλλάσσουσι
1299 2289 1332 2345 τά
1342 2289 1419 2344 ὅπλα

410 2375 545 2446 ἀλλήλους.
576 2373 680 2450 Ἕκτωρ
702 2380 733 2434 δέ
756 2383 914 2449 διαλεχθεὶς
931 2383 963 2453 τῇ
979 2383 1065 2452 μητρί
1080 2376 1178 2452 Ἑκάβη
1195 2383 1242 2432 καί
1258 2381 1290 2450 τή
1308 2381 1417 2431 τυναικλ

413 2459 590 2537 Ἀνδρομάχη
603 2461 656 2520 σὺν
668 2467 706 2534 tq}
718 2460 835 2535 άδελιμῷ
849 2463 1017 2538 Ἀλεξάνδρῳ
1037 2467 1076 2524 είς
1089 2463 1138 2520 τόν
1150 2461 1278 2536 πόλεμον
1289 2463 1401 2525 ἐξεισιυ.

314 2587 353 2650 Η.
399 2577 555 2674 Ἕκτορος
585 2585 641 2652 καὶ
667 2581 820 2666 Αἴαντος
851 2584 1047 2672 μονομαχία.
1089 2585 1207 2673 νεκρῶν
1239 2579 1453 2671 ἀναίρεσις.ῖ

375 2703 488 2760 Ἑλένου
504 2701 874 2782 συμβουλεύσαντοςἚκτυρ
888 2711 1070 2780 προκαλεῖται
1082 2709 1138 2762 τόν
1146 2702 1283 2774 Ἑλλήνων
1294 2705 1344 2760 τὸν
1355 2701 1419 2778 ἀρι-

411 2805 481 2844 στον
497 2793 538 2851 είς
552 2797 742 2864 μονομαχίαν.
767 2792 847 2848 ἐννέα
864 2793 895 2848 δέ
911 2788 1095 2847 ἀναστάντων
1106 2790 1204 2862 ἔλαχεν
1215 2789 1316 2852 Αλιιςό
1331 2795 1418 2846 Τελα-

410 2871 529 2946 μιόνιος,
551 2879 598 2930 καὶ
618 2883 752 2938 αενναίως
771 2874 872 2938 αὐτοὺς
894 2874 1123 2944 ἀτωνισαμένους
1140 2873 1288 2931 διαλύουσι
1304 2873 1419 2951 κήρυκες

410 2960 532 3032 ἑσπέρας
543 2963 703 3032 αενομένης.
728 2964 761 3036 τη
774 2960 799 3014 δ’
813 2963 874 3030 ἐξής
886 2961 950 3021 τούς
963 2958 1075 3034 νεκρούς
1085 2957 1252 3033 ἀνελόμενοι
1263 2957 1418 3020 θάπτουσι.

411 3047 457 3098 καλ
469 3050 563 3115 τεῖχος
574 3040 738 3113 οίἛλληνες
749 3043 1017 3110 κατασκευάζουσιν,
1031 3045 1074 3118 ἐφ’
1089 3034 1112 3116 ᾧ
1124 3044 1140 3100 ὁ
1152 3047 1303 3102 Ποσειδῶν
1314 3044 1419 3116 τ’μανά-

411 3143 518 3198 κτησεν.
542 3127 611 3192 Ζεύς
623 3149 650 3185 τε
669 3128 763 3192 ιιύτοῑς
775 3128 823 3184 διίι
842 3129 939 3191 νυκτὸς
956 3137 1059 3204 σημεῖα
1076 3127 1126 3185 ούκ
1142 3135 1221 3187 αίσιιι
1238 3135 1294 3186 τῶν
1304 3131 1417 3204 μελλόν-

410 3233 466 3270 των
478 3216 629 3272 δείκνυσιν.

314 3337 351 3402 Θ.
396 3332 492 3415 κάλος
514 3334 613 3424 μάχη.
1435 3358 1454 3418 g

377 3454 448 3514 Ζεύς
464 3451 663 3530 άπαι-ορεύσας
682 3463 740 3516 τοῖς
757 3463 836 3516 θεοῖς
851 3457 996 3532 μηδετέρῳ
1007 3465 1126 3527 βοηθεῖν
1136 3462 1193 3516 τάν
1205 3460 1421 3534 στρατευμάτων

409 3539 459 3592 ἐπλ
468 3535 603 3608 τήνἼδην
611 3543 780 3612 κατέρχεται,
790 3544 834 3594 καλ
845 3537 986 3615 πρότερον
995 3547 1060 3600 ίαον
1068 3548 1248 3616 μαχομένους
1256 3541 1420 3616 τούςᾙλη-

411 3642 458 3683 νας
476 3621 625 3684 ἐλάττονας
642 3627 699 3680 τῶν
712 3623 817 3698 Τρώων
828 3633 1006 3694 καθίστησιν.
1037 3625 1128 3702 Ἥραν
1139 3630 1171 3684 δέ
1182 3633 1228 3686 καλ
1239 3627 1362 3698 Ἀθηνᾶν
1370 3631 1417 3685 ἐπί

408 3706 544 3776 βοήθειαν
564 3716 624 3769 τοῖς
639 3705 769 3777 Ἕλλησιν
784 3708 912 3774 ἐξιούσας
927 3713 1048 3784 ἐπέσχεν
1058 3705 1126 3787 Ἶρις
1143 3711 1215 3774 Διὸς
1229 3713 1419 3776 κελεύσαντος.

408 3791 531 3866 ἐσπέρας
550 3794 582 3847 δέ
602 3798 755 3868 πινομένης
771 3789 873 3871 Ἕκτωρ
895 3795 1107 3872 ἐδημηεόρήσεν
1124 3800 1154 3855 ἐν
1175 3802 1213 3868 τῷ
1234 3799 1325 3870 πεδίηι
1347 3797 1418 3854 ὥστε

409 3874 686 3950 στρατοπεδεύεσθαι
698 3883 745 3934 καλ
758 3883 815 3955 πῦρ
828 3877 863 3933 δι’
878 3877 942 3949 ὅλης
954 3883 1052 3942 νυκτὸς
1063 3889 1160 3938 καίειν.

310 4001 335 4060 1.
379 3994 543 4086 πρεσβεία
565 3999 651 4086 πρὸς
670 3996 835 4084 Ἀχιλλέα.
878 3999 979 4070 λιταί.
1435 4020 1455 4078 9

377 4113 586 4191 Ἀταμέμνονος
602 4117 865 4192 συμβουλεύσαντος
875 4127 935 4180 τοῖς
942 4117 1054 4188 Ἕλλησι
1065 4118 1182 4192 ψεάνειν
1192 4119 1356 4180 ἀνίστανται
1370 4123 1419 4195 τήν

405 4199 536 4258 ἐναντίαν
546 4198 777 4277 ἀποφαινόμενοι
793 4202 910 4277 τνιύμην
925 4205 1074 4279 Διομήδης
1086 4211 1133 4262 καλ
1145 4213 1272 4284 Νέστωρ.
1295 4217 1419 4282 συμβου-

406 4283 556 4348 λεύσαντος
573 4290 605 4344 δέ
621 4295 766 4365 Νέστορος
787 4288 861 4366 πρὸς
880 4289 1004 4361 Ἀχιλλέα
1022 4295 1187 4364 πέμπονται
1204 4298 1343 4369 πρέσβεις.
1373 4301 1420 4349 καλ

406 4369 553 4438 δεηθεῖσιν
564 4371 698 4432 ἀπεῖπεν
706 4372 801 4436 αὐτοῖς
814 4371 959 4448 Ἀχιλλεύς.
980 4378 1010 4430 ολ
1019 4378 1051 4432 δέ
1059 4377 1280 4445 άπαετέλλοιαι,
1290 4383 1334 4436 καλ
1346 4379 1418 4453 μετά

407 4457 491 4512 ταῖαα
504 4460 544 4518 είς
556 4453 647 4516 δπνον
658 4465 817 4534 τρέποντιιι,
