3084 5190
622 416 787 460 l’llssl'fflo
1241 421 1258 460 V

149 587 214 652 μνη
230 567 266 630 ab
280 565 421 628 adiectiro
442 561 582 653 πρυμνή.
612 559 659 642 δίς
676 584 737 628 non
755 575 868 630 tantum
887 576 958 648 post
975 561 1033 630 καί
1055 575 1084 630 et
1105 561 1183 632 οδδό
1199 569 1258 630 cir-

150 700 300 774 cumflexi,
320 698 372 761 sed
393 699 557 780 ubicunque
576 689 682 774 οὕτως
700 709 828 762 sonaret.
863 685 909 774 ὦς
929 692 1035 774 αδτῶς
1048 719 1064 762 a
1079 701 1257 764 Buttmanno

151 833 261 912 accepi.
290 828 431 918 μητιέτα
445 841 474 893 et
488 822 638 918 άκοκῆυα
652 841 685 894 ut
698 849 881 912 reponerem,
896 830 962 893 dedi
977 831 1120 894 similibus
1135 833 1191 894 illis
1205 851 1259 895 νε-

151 958 356 1050 φιληνερέτοι
382 955 557 1048 ἱππηλάτα
576 965 781 1044 κυανοχαῖτα.
815 964 894 1044 quod
914 958 1067 1027 θωκόνδε
1085 959 1189 1049 νηάδε
1207 957 1260 1028 oi-

151 1090 358 1160 xdrdemalui
377 1115 464 1176 quam
482 1092 634 1168 θῶκόνδε
657 1091 759 1183 νῆάδε
780 1085 922 1170 οἶκόνδε,
947 1087 1126 1182 ἤπειρόνδε
1150 1092 1259 1159 θαλα-

149 1221 254 1308 μόνδε
281 1219 499 1309 Οὔλυμπόνδε
524 1248 612 1310 qnam
638 1221 816 1316 ἤπειρόνδε
841 1224 1035 1311 θάλαμόνδε
1063 1219 1259 1309 Οὔλυμπόν-

153 1357 206 1434 δε,
230 1327 371 1424 casum'si
387 1363 453 1442 quis
467 1364 617 1442 agnoverit
630 1362 793 1436 locedium,
809 1371 961 1425 accentum
977 1380 1037 1424 non
1051 1361 1180 1442 requiret
1193 1361 1259 1442 plus

152 1511 257 1555 unum.

239 1625 431 1689 inscribendi
447 1627 544 1690 modis
560 1647 627 1692 cum
644 1647 730 1709 saepe
741 1628 863 1709 perinde
874 1637 959 1703 esset,
973 1629 1083 1690 haecne
1094 1645 1131 1689 an
1146 1625 1192 1689 illa
1202 1645 1259 1706 po-

151 1767 275 1820 neretur
288 1758 394 1833 littera,
409 1777 473 1821 eam
488 1762 547 1822 lero
561 1779 679 1841 quoque
693 1760 759 1823 loco
776 1761 863 1842 posui
877 1779 951 1841 quac
965 1779 982 1822 a
997 1759 1129 1822 finitimis
1145 1767 1174 1821 et
1187 1777 1259 1840 pro·

153 1892 276 1973 pinquis
295 1892 399 1954 lormis
419 1891 552 1971 proxime
571 1892 699 1954 abesset.
728 1894 771 1956 sic
790 1893 869 1974 quod
890 1885 984 1979 cipiet
1006 1891 1186 1954 scribebatur
1204 1909 1260 1972 pro

155 2015 257 2110 άφίη,
277 2015 387 2087 ἐτίθει
407 2043 462 2105 pro
482 2016 596 2110 estorp,
616 2017 729 2087 ἐδίδου
748 2043 803 2106 pro
822 2017 942 2100 ἒδίδω,
970 2027 1077 2088 lactum
1097 2032 1142 2086 cst
1160 2040 1260 2085 errore

155 2175 258 2218 eornm
275 2139 422 2236 qui-cum
439 2156 566 2237 priscam
582 2157 770 2220 litteraturam
785 2157 883 2218 lonica
898 2165 1055 2229 mutarent,
1078 2174 1139 2218 non
1155 2155 1259 2217 memi-

155 2297 269 2362 nerant,
286 2290 366 2369 quod
381 2299 442 2352 crat
456 2308 539 2375 αφιε
554 2291 650 2352 sceda
663 2287 765 2364 εδιδο,
781 2309 870 2371 posse
882 2300 1006 2370 unoque
1022 2289 1111 2351 modo
1127 2287 1191 2369 legi,
1207 2286 1260 2348 δε-

156 2421 226 2484 bere
245 2441 281 2484 eo
301 2423 351 2502 qui
371 2423 485 2485 tertiam
501 2442 517 2483 a
531 2422 640 2502 prima,
662 2423 837 2504 singularem
853 2443 869 2486 a
883 2424 1001 2504 plurali,
1021 2423 1209 2486 indicativum
1224 2419 1261 2482 ab
1366 2467 1367 2472 η

156 2559 286 2640 optativo
301 2555 453 2639 participio
465 2555 606 2617 infinitivo
619 2573 705 2635 quam
717 2555 839 2618 minime
850 2556 1037 2619 abstraheret.
1063 2556 1151 2618 iidem
1163 2573 1198 2617 ex
1209 2573 1263 2628 εος

157 2685 221 2767 ἕως
234 2693 374 2765 leserunt
388 2688 438 2751 ubi
450 2707 552 2750 versus
564 2674 632 2763 εἷος
643 2686 817 2768 postulabat,
830 2690 1031 2770 sexcentisque
1041 2689 1113 2751 locis
1124 2681 1183 2770 μέν
1192 2685 1261 2749 reli·

157 2832 292 2905 quarunt,
307 2824 357 2886 ubi
372 2821 530 2885 sententiae
543 2814 608 2904 μήν
623 2820 823 2884 conveniebat

242 2957 398 3019 Postremo
413 2953 622 3016 vocabulorum
637 2953 813 3034 simplicium
829 2965 857 3016 et
867 2955 1102 3036 compositorum
1114 2955 1172 3016 hoc
1183 2951 1262 3014 tenui

158 3089 314 3152 discrimen
332 3095 365 3149 ut
383 3087 494 3166 integra
513 3086 642 3166 nihilque
657 3105 744 3166 passa
758 3104 819 3148 non
843 3087 926 3150 facile
940 3087 1157 3167 coniungerem.
1186 3103 1262 3164 quo·

160 3224 234 3285 circa
250 3240 305 3302 pro
322 3220 472 3282 consuetis
489 3209 668 3305 εὐφρονέων
683 3226 712 3280 et
726 3212 995 3304 καρηκομόωνυες
1009 3212 1044 3281 to
1055 3211 1200 3302 φρονέων
1214 3234 1263 3277 re-

157 3355 244 3436 posui
256 3362 285 3416 et
295 3347 378 3436 κάρη
390 3344 583 3432 κομόωντες,
594 3351 766 3432 praesertim
778 3369 845 3415 curn
858 3342 1040 3437 εδφρονὲων
1050 3349 1127 3411 idern
1138 3347 1263 3410 esseda-

157 3489 225 3550 beat
242 3485 323 3567 qnod
343 3474 471 3568 είίφρων
489 3473 534 3545 dv
552 3482 571 3545 i.
588 3503 612 3546 e.
629 3474 896 3570 εὐφραινόμενος,
917 3503 973 3546 nec
992 3484 1105 3546 dillerat
1122 3499 1264 3567 καρηκο-

157 3613 250 3702 μόων
264 3639 280 3680 e
295 3608 500 3700 καρήξανθος
513 3623 563 3678 aut
577 3609 861 3702 κεφαίηνκομόων.
890 3617 1073 3696 exaequanda
1086 3623 1182 3679 autem
1199 3633 1264 3675 esse

158 3753 219 3815 risa
234 3759 304 3814 sunt
318 3745 401 3834 βαρδ
416 3743 578 3828 στενάχων
596 3757 625 3810 et
638 3744 745 3832 βαρέα
763 3741 940 3828 στενάχων,
960 3740 1034 3834 aripti
1049 3741 1132 3833 ῥέων
1146 3756 1176 3810 ct
1190 3737 1264 3831 εὗρε)

159 3879 236 3968 ῥέει,
253 3876 357 3964 δάκρυ
371 3875 453 3962 χέων
467 3891 496 3944 et
509 3876 595 3944 κατὰ
610 3875 713 3964 δάκρυ
723 3873 852 3959 χέουσα,
867 3875 932 3944 esd
946 3901 984 3944 rc
998 3891 1028 3944 et
1042 3875 1082 3944 σά
1092 3902 1139 3957 re,
1156 3883 1264 3956 itidem,

160 4035 234 4098 quse
249 4016 345 4079 rarius
359 4025 524 4090 recurrunt,
540 4015 694 4095 permulta.

245 4149 386 4230 Superest
397 4156 430 4210 ut
439 4149 660 4210 annotationem
672 4166 818 4210 excusem.
835 4146 1017 4228 defugiebam
1030 4147 1180 4211 insolitum
1193 4147 1265 4210 mihi

159 4291 188 4344 et
203 4283 357 4345 molestum
371 4282 519 4363 praefandi
534 4280 810 4360 commentandique
821 4280 986 4361 negotinm3
999 4300 1058 4361 quo
1074 4280 1266 4361 supersedere

160 4433 221 4477 non
242 4432 414 4477 concessere
434 4416 594 4478 columnae.
629 4413 819 4496 poscentibus
840 4414 905 4475 dedi
931 4413 1010 4494 quod
1038 4413 1182 4492 extemplo
1208 4430 1265 4491 po·

160 4546 217 4608 tui:
237 4547 401 4610 enumerari
416 4556 479 4610 tum
494 4548 577 4610 locos
597 4566 665 4609 meo
681 4546 822 4609 arbitratu
836 4545 1028 4620 constitutos,
1047 4555 1108 4606 tum
1124 4543 1265 4624 reliquam
