3084 5190
289 317 331 384 35
701 315 724 362 ι.
764 310 984 364 mmm

332 465 369 540 οἳ
388 467 421 538 δ’
440 465 594 555 Ἐὔβοιαν
616 463 690 550 ἔχον
710 464 809 550 με’νεα
830 460 998 542 πνείοντες
1015 457 1189 551 Ἀβαντες,

288 569 445 641 Χαλκίδα
466 567 497 637 τ’
520 566 697 658 Εἰρέτριάν
717 590 755 634 τε
777 563 1031 656 πολυστάφυλόν
1051 560 1090 631 θ’
1110 561 1270 632 Ἱστίαιαν

290 672 462 766 Κήρινθόν
483 667 514 739 τ’
539 667 663 761 ἔφαλον
684 668 768 738 Δῖόν
788 665 821 735 τ’
845 665 928 736 alm)
951 662 1166 755 πτολίεθρον,

290 780 381 846 οἵτε
402 774 574 863 Κάρυστον
595 769 667 859 ἔχον
688 768 742 862 ήδ’
768 766 803 839 οἳ
821 769 930 860 Στόρα
950 767 1182 851 ναιετάασκον,

235 913 280 970 ιωι
287 879 353 945 τῶν
374 868 456 944 αὖθ’
478 870 646 964 ήνεμόνευ’
666 870 848 965 Ἐλεφήνωρ
870 869 945 954 όζος
963 867 1096 962 Ἀρηος,

287 977 603 1066 Χαλκωδοντιάδης,
625 975 827 1062 μεταθόμων
849 971 947 1066 άρχδς
962 971 1139 1062 Ἀβάντων.

286 1082 336 1170 τῷ
359 1077 391 1148 δ’
416 1075 646 1166 ἅμ’Ἀβαντες
668 1075 790 1145 ἕποντο
812 1075 907 1160 θοοί,
931 1072 1057 1144 όπιθεν
1079 1073 1279 1160 κομόωντες,

288 1180 458 1273 σίχμηταί,
480 1181 652 1267 μεμαῶτες
674 1175 845 1271 ὀρεκτῇσιν
865 1177 1018 1268 μελίῃσιν

290 1284 450 1374 θώρηκας
473 1281 582 1372 ῥήξειν
604 1277 705 1370 δηίων
727 1277 815 1372 άμφί
837 1281 1030 1371 στήθεσσιν.

233 1413 273 1456 σω
287 1387 334 1476 τῷ
357 1387 390 1452 δ’
413 1381 483 1469 άμα
503 1382 746 1473 τεσσαράκοντα
767 1382 922 1468 μέλαιναι
945 1383 1017 1472 νήες
1039 1381 1170 1450 ἕποντο.

331 1482 367 1554 οἳ
387 1482 418 1552 δ’
441 1479 496 1574 ἄρ’
517 1481 664 1574 Ἀθήνας
686 1479 785 1568 ελχον,
809 1482 996 1570 ἐυκτίμενον
1017 1481 1234 1571 πτολίεθρον,

288 1591 391 1678 δῆμον
410 1584 588 1677 Ἐρεχθῆος
608 1583 842 1676 μεταλήτορος,
867 1583 904 1653 όν
926 1582 1006 1654 ποτ’
1028 1581 1156 1675 Ἀθήνη

286 1687 397 1778 θρέψε
418 1689 504 1767 Διὸς
525 1686 690 1776 θυτάτηρ,
712 1685 785 1753 τέκε
807 1687 845 1754 δὲ
868 1686 1025 1776 ζείδωρος
1047 1683 1185 1777 άρσυρα,

286 1791 352 1858 κάδ
373 1786 406 1858 δ’
427 1789 461 1858 ἐν
482 1785 628 1879 Ἀθήνης
650 1781 732 1870 εἷσε,
755 1791 821 1878 νεῷ
843 1789 890 1857 ἐνί
913 1789 1008 1858 πίονι
1030 1791 1111 1880 νηῷ·

231 1919 272 1962 ισο
287 1888 372 1960 ἔνθα
395 1891 434 1960 δέ
454 1916 512 1976 μιν
532 1888 686 1978 ταύροισι
708 1889 766 1957 καί
790 1887 931 1980 ἀρνειοῖς
953 1889 1103 1960 λλάονται

285 1994 401 2082 κοῦροι
424 1989 615 2082 Ἀθηναίων
637 1993 915 2080 περιτελλομένων
936 1993 1105 2062 ἐνιαυτῶν·

284 2097 349 2162 τῶν
372 2086 454 2162 αὖθ’
476 2091 646 2184 ήτεμόνευ’
670 2090 743 2175 οἶός
763 2097 897 2164 Πετεῶο
920 2094 1125 2176 Μενεσθεύς.

283 2198 333 2285 τῷ
355 2192 386 2263 δ’
410 2191 449 2264 oz}
472 2193 528 2262 πω’
549 2220 602 2275 τις
624 2192 737 2280 ὁμοῖος
759 2195 958 2283 ἐπιχθόνιος
978 2195 1080 2266 τίνετ’
1105 2194 1186 2287 άνήρ

284 2299 451 2386 κοσμῆσαι
473 2299 603 2376 ἵππους
623 2320 660 2362 τε
680 2295 736 2362 καὶ
760 2294 875 2386 ἀνέρας
896 2297 1118 2380 άσπιδιιότας.

230 2425 270 2468 ιιι
285 2397 421 2486 Νέστωρ
443 2391 514 2478 οίος
536 2393 654 2484 ἔριζεν·
677 2392 697 2464 δ’
719 2398 781 2485 τδρ
805 2401 1056 2490 προνενέστερσς
1076 2395 1141 2490 ἦεν.

282 2501 332 2591 τῷ
354 2497 386 2568 δ’
410 2497 479 2584 δίμα
501 2497 701 2588 πεντήκοντα
723 2498 876 2584 μέλαιναι
897 2505 971 2592 νήες
994 2501 1124 2572 ἕποντο.

326 2597 422 2682 Αἴας
445 2597 476 2666 δ’
500 2599 535 2668 ἐκ
558 2602 744 2686 Σαλαμῖνος
766 2598 1066 2678 άτενδυοκαίδεκα
1087 2607 1173 2694 νῆας.

327 2698 363 2772 οἳ
384 2697 415 2768 δ’
436 2699 558 2790 Ἀρι-ος
578 2697 610 2768 τ’
632 2694 719 2786 εἶχον
746 2701 894 2793 Τίρυνθά
915 2732 951 2774 τε
971 2705 1187 2790 τειχιόεσσαν,

230 2801 452 2894 εεοἘρμιόνην
465 2800 596 2892 Ἀσίνην
616 2829 653 2870 τε
674 2805 785 2890 βαθδν
806 2807 890 2873 κατὰ
913 2805 1038 2876 κόλπον
1059 2807 1209 2892 ἐχούσας,

287 2901 434 2998 Τροιζῆν’
454 2901 588 2984 Ἠιόνος
609 2930 646 2972 τε
667 2903 723 2972 καί
747 2902 944 2991 ἀμπελόεντ’
965 2908 1176 3001 Ἐπίδαυρον,

282 3013 319 3079 οἵ
337 3006 367 3076 τ’
391 3005 462 3094 ἔχον
483 3003 632 3076 Αίτιναν
655 3008 804 3098 Μάσητά
827 3035 862 3078 τε
883 3021 995 3102 κοῦροι
1016 3010 1171 3098 Ἀχαιῶν,

281 3114 346 3179 τῶν
367 3104 449 3179 αὖθ’
470 3107 643 3201 ήνεμόνευε
665 3113 748 3200 βοήν
769 3107 903 3193 άταθδς
924 3114 1099 3205 Διομήδης

280 3213 339 3282 καί
360 3211 525 3292 Σθένελος
547 3215 732 3302 Καπανῆος
754 3211 948 3285 άνακλειτσῦ
970 3214 1068 3306 φίλος
1089 3213 1169 3296 υλός.

227 3343 266 3386 σω
280 3321 369 3384 τοῖσι
392 3311 425 3382 δ’
448 3311 507 3398 ἅμ’
524 3312 693 3400 Εόρόαλος
713 3314 866 3403 τρίτατος
886 3316 950 3398 κίε,
972 3317 1134 3398 τισόθεος
1155 3318 1239 3410 φῶς,

280 3417 478 3508 Μηκιστῆος
499 3411 570 3494 υίὸς
596 3415 817 3486 Ταλαϊονίδαο
836 3421 1007 3502 τάνακτσς.

280 3515 480 3602 συμπάντων
502 3513 535 3583 δ’
557 3514 668 3605 ήνεῖτο
689 3520 769 3607 βοήν
791 3516 922 3602 άναθός
945 3523 1128 3613 Διομήδης.

277 3624 368 3686 τοῖσι
391 3615 421 3685 δ’
445 3614 506 3702 ἅμ’
530 3613 719 3686 δνδῶκοντα
741 3619 894 3706 μέλαιναι
916 3626 988 3713 νήες
1010 3624 1141 3693 ἕποντο.

321 3715 359 3787 οἳ
377 3719 414 3787 δὲ
435 3719 598 3808 Μυκήνας
619 3712 718 3807 εἶχον,
741 3721 928 3809 ἐυκτίμενον
950 3723 1164 3816 πτολίεθρον,

227 3841 267 3880 ιω
281 3817 419 3911 άφνειόν
439 3845 476 3886 τε
498 3821 669 3910 Κόρινθον
690 3825 880 3910 εὐκτιμένας
900 3851 936 3894 τε
959 3828 1127 3911 Κλεωνάς,

273 3918 422 4010 Ὀρνειάς
442 3916 475 3986 τ’
498 3920 648 4006 ἐνέμοντο
670 3920 891 4016 Ἀραιθυρέην
911 3926 942 3994 τ’
965 3928 1134 4020 ἐρατεινήν

276 4021 334 4089 καί
355 4017 504 4103 Σικυῶν’,
529 4019 587 4089 ὅθ’
610 4017 664 4108 ἂρ’
683 4019 867 4115 ’Ἀδρηστος
889 4028 993 4118 πρῶτ’
1016 4031 1244 4118 ἐμβασίλευεν,

276 4125 312 4190 οἳ
330 4119 371 4190 θ’
389 4119 587 4212 Ὑπερησίην
607 4150 644 4192 τε
665 4126 722 4194 καί
745 4125 899 4220 αἰπεινήν
919 4131 1106 4202 Γονόεσσαν

221 4227 224 4232 ’
274 4221 440 4312 Πελλήνην
460 4220 490 4290 τ’
514 4217 612 4307 είχον,
636 4223 692 4314 ἠδ’
714 4225 844 4298 Α’ίνιον
865 4228 1092 4323 άμφενέμοντσ

307 4449 356 4498 558
375 4450 460 4514 στῆσε
472 4445 501 4500 δ’
515 4443 594 4503 άνων
610 4445 647 4502 ἵν’
663 4445 819 4516 Ἀθηναίων
831 4456 946 4512 ἵσταντο
958 4457 1111 4529 φάλαντες.
