<?xml version="1.0" encoding="UTF-8"?>
<!DOCTYPE html PUBLIC "-//W3C//DTD XHTML 1.0 Transitional//EN"
    "http://www.w3.org/TR/xhtml1/DTD/xhtml1-transitional.dtd">
<html xmlns="http://www.w3.org/1999/xhtml" xml:lang="en" lang="en">
 <head>
  <title>
</title>
<meta http-equiv="Content-Type" content="text/html;charset=utf-8" />
  <meta name='ocr-system' content='tesseract 3.04.00' />
  <meta name='ocr-capabilities' content='ocr_page ocr_carea ocr_par ocr_line ocrx_word'/>
</head>
<body>
  <div class='ocr_page' id='page_1' title='image "./carminahomerica02homegoog_0033.png"; bbox 0 0 3084 5190; ppageno 0'>
   <div class='ocr_carea' id='block_1_1' title="bbox 297 311 995 386">
    <p class='ocr_par' dir='ltr' id='par_1_1' title="bbox 297 311 995 386">
     <span class='ocr_line' id='line_1_1' title="bbox 297 311 995 386; baseline -0.003 -20"><span class='ocrx_word' id='word_1_1' title='bbox 297 319 340 386; x_wconf 68' lang='grc' dir='ltr'><strong><em>χρ</em></strong></span> <span class='ocrx_word' id='word_1_2' title='bbox 710 318 733 366; x_wconf 89' lang='lat'><strong><em>1.</em></strong></span> <span class='ocrx_word' id='word_1_3' title='bbox 771 311 995 366; x_wconf 75' lang='grc' dir='ltr'><strong><em>ιιιιαοτιι</em></strong></span> 
     </span>
    </p>
   </div>
   <div class='ocr_carea' id='block_1_2' title="bbox 243 466 1315 4433">
    <p class='ocr_par' dir='ltr' id='par_1_2' title="bbox 296 466 1068 558">
     <span class='ocr_line' id='line_1_2' title="bbox 296 466 1068 558; baseline -0.009 -18"><span class='ocrx_word' id='word_1_4' title='bbox 296 470 463 558; x_wconf 77' lang='grc' dir='ltr'><strong><em>χωόμενον</em></strong></span> <span class='ocrx_word' id='word_1_5' title='bbox 484 471 569 538; x_wconf 85' lang='grc' dir='ltr'><strong><em>κατά</em></strong></span> <span class='ocrx_word' id='word_1_6' title='bbox 590 470 701 555; x_wconf 85' lang='grc' dir='ltr'><strong><em>θυμόν</em></strong></span> <span class='ocrx_word' id='word_1_7' title='bbox 722 469 879 552; x_wconf 83' lang='grc' dir='ltr'><strong><em>ἐυζώνοιο</em></strong></span> <span class='ocrx_word' id='word_1_8' title='bbox 900 466 1068 549; x_wconf 73' lang='grc' dir='ltr'><strong><em>νυναικός,</em></strong></span> 
     </span>
    </p>

    <p class='ocr_par' dir='ltr' id='par_1_3' title="bbox 243 565 1226 1070">
     <span class='ocr_line' id='line_1_3' title="bbox 243 565 1226 664; baseline -0.001 -27"><span class='ocrx_word' id='word_1_9' title='bbox 243 597 283 638; x_wconf 85' lang='grc' dir='ltr'><strong><em>ιεο</em></strong></span> <span class='ocrx_word' id='word_1_10' title='bbox 296 573 355 664; x_wconf 87' lang='grc' dir='ltr'><strong><em>τήν</em></strong></span> <span class='ocrx_word' id='word_1_11' title='bbox 377 579 419 662; x_wconf 82' lang='grc' dir='ltr'><strong><em>ῥα</em></strong></span> <span class='ocrx_word' id='word_1_12' title='bbox 440 571 497 664; x_wconf 86' lang='grc' dir='ltr'><strong><em>βίη</em></strong></span> <span class='ocrx_word' id='word_1_13' title='bbox 521 569 696 652; x_wconf 69' lang='grc' dir='ltr'><strong><em>άεέκοντος</em></strong></span> <span class='ocrx_word' id='word_1_14' title='bbox 718 567 883 662; x_wconf 78' lang='grc' dir='ltr'><strong><em>ἀπηύρων.</em></strong></span> <span class='ocrx_word' id='word_1_15' title='bbox 927 565 1031 656; x_wconf 88' lang='grc' dir='ltr'><strong><em>αάτάρ</em></strong></span> <span class='ocrx_word' id='word_1_16' title='bbox 1050 565 1226 649; x_wconf 87' lang='grc' dir='ltr'><strong><em>Ὀδυσσεύς</em></strong></span> 
     </span>
     <span class='ocr_line' id='line_1_4' title="bbox 298 669 1151 765; baseline -0.005 -23"><span class='ocrx_word' id='word_1_17' title='bbox 298 674 333 756; x_wconf 89' lang='grc' dir='ltr'><strong><em>ἐς</em></strong></span> <span class='ocrx_word' id='word_1_18' title='bbox 354 674 488 765; x_wconf 81' lang='grc' dir='ltr'><strong><em>Χρύσην</em></strong></span> <span class='ocrx_word' id='word_1_19' title='bbox 509 676 619 742; x_wconf 78' lang='grc' dir='ltr'><strong><em>ἵκανεν</em></strong></span> <span class='ocrx_word' id='word_1_20' title='bbox 641 669 729 762; x_wconf 83' lang='grc' dir='ltr'><strong><em>άχων</em></strong></span> <span class='ocrx_word' id='word_1_21' title='bbox 751 670 839 762; x_wconf 75' lang='grc' dir='ltr'><strong><em>ἱερήν</em></strong></span> <span class='ocrx_word' id='word_1_22' title='bbox 860 671 1053 761; x_wconf 76' lang='grc' dir='ltr'><strong><em>ἑκατόμβην.</em></strong></span> <span class='ocrx_word' id='word_1_23' title='bbox 1149 673 1151 678; x_wconf 76' lang='grc'><strong>’</strong></span> 
     </span>
     <span class='ocr_line' id='line_1_5' title="bbox 299 771 1185 866; baseline -0.003 -21"><span class='ocrx_word' id='word_1_24' title='bbox 299 773 336 846; x_wconf 78' lang='grc' dir='ltr'><strong><em>οἳ</em></strong></span> <span class='ocrx_word' id='word_1_25' title='bbox 354 773 386 845; x_wconf 77' lang='grc' dir='ltr'><strong><em>δ’</em></strong></span> <span class='ocrx_word' id='word_1_26' title='bbox 410 772 465 844; x_wconf 85' lang='grc' dir='ltr'><strong><em>ὅτε</em></strong></span> <span class='ocrx_word' id='word_1_27' title='bbox 488 776 528 866; x_wconf 85' lang='grc' dir='ltr'><strong><em>δή</em></strong></span> <span class='ocrx_word' id='word_1_28' title='bbox 551 774 681 862; x_wconf 81' lang='grc' dir='ltr'><strong><em>λιμένος</em></strong></span> <span class='ocrx_word' id='word_1_29' title='bbox 703 774 928 862; x_wconf 73' lang='grc' dir='ltr'><strong><em>πολυβενθέος</em></strong></span> <span class='ocrx_word' id='word_1_30' title='bbox 948 771 1039 853; x_wconf 76' lang='grc' dir='ltr'><strong><em>ἐντὸς</em></strong></span> <span class='ocrx_word' id='word_1_31' title='bbox 1059 774 1185 857; x_wconf 78' lang='grc' dir='ltr'><strong><em>ἵκοντο,</em></strong></span> 
     </span>
     <span class='ocr_line' id='line_1_6' title="bbox 298 873 1163 966; baseline -0.002 -20"><span class='ocrx_word' id='word_1_32' title='bbox 298 875 390 947; x_wconf 78' lang='grc' dir='ltr'><strong><em>ἑστία</em></strong></span> <span class='ocrx_word' id='word_1_33' title='bbox 411 877 470 964; x_wconf 83' lang='grc' dir='ltr'><strong><em>μέν</em></strong></span> <span class='ocrx_word' id='word_1_34' title='bbox 492 876 676 963; x_wconf 78' lang='grc' dir='ltr'><strong><em>στείλαντο,</em></strong></span> <span class='ocrx_word' id='word_1_35' title='bbox 699 876 806 948; x_wconf 88' lang='grc' dir='ltr'><strong><em>θέσαν</em></strong></span> <span class='ocrx_word' id='word_1_36' title='bbox 827 873 857 946; x_wconf 75' lang='grc' dir='ltr'><strong><em>δ’</em></strong></span> <span class='ocrx_word' id='word_1_37' title='bbox 881 876 915 946; x_wconf 90' lang='grc' dir='ltr'><strong><em>ἐν</em></strong></span> <span class='ocrx_word' id='word_1_38' title='bbox 936 875 990 966; x_wconf 85' lang='grc' dir='ltr'><strong><em>νηὶ</em></strong></span> <span class='ocrx_word' id='word_1_39' title='bbox 1011 873 1163 966; x_wconf 80' lang='grc' dir='ltr'><strong><em>μελαίνῃ,</em></strong></span> 
     </span>
     <span class='ocr_line' id='line_1_7' title="bbox 299 975 1190 1070; baseline -0.002 -22"><span class='ocrx_word' id='word_1_40' title='bbox 299 977 390 1050; x_wconf 87' lang='grc' dir='ltr'><strong><em>ίστδν</em></strong></span> <span class='ocrx_word' id='word_1_41' title='bbox 413 979 444 1047; x_wconf 82' lang='grc' dir='ltr'><strong><em>δ’</em></strong></span> <span class='ocrx_word' id='word_1_42' title='bbox 469 975 625 1070; x_wconf 86' lang='grc' dir='ltr'><strong><em>ῖστοδόκη</em></strong></span> <span class='ocrx_word' id='word_1_43' title='bbox 648 979 797 1049; x_wconf 86' lang='grc' dir='ltr'><strong><em>πέλασαν</em></strong></span> <span class='ocrx_word' id='word_1_44' title='bbox 818 977 1032 1070; x_wconf 78' lang='grc' dir='ltr'><strong><em>προτόνοισιν</em></strong></span> <span class='ocrx_word' id='word_1_45' title='bbox 1054 977 1190 1068; x_wconf 80' lang='grc' dir='ltr'><strong><em>ὑφέντες</em></strong></span> 
     </span>
    </p>

    <p class='ocr_par' dir='ltr' id='par_1_4' title="bbox 244 1079 1257 1581">
     <span class='ocr_line' id='line_1_8' title="bbox 244 1079 1257 1172; baseline -0.002 -22"><span class='ocrx_word' id='word_1_46' title='bbox 244 1105 284 1149; x_wconf 84' lang='grc' dir='ltr'><strong><em>ιεε</em></strong></span> <span class='ocrx_word' id='word_1_47' title='bbox 298 1079 529 1170; x_wconf 82' lang='grc' dir='ltr'><strong><em>καρπαλίμως,</em></strong></span> <span class='ocrx_word' id='word_1_48' title='bbox 551 1083 610 1172; x_wconf 85' lang='grc' dir='ltr'><strong><em>τήν</em></strong></span> <span class='ocrx_word' id='word_1_49' title='bbox 632 1080 666 1149; x_wconf 80' lang='grc' dir='ltr'><strong><em>δ’</em></strong></span> <span class='ocrx_word' id='word_1_50' title='bbox 689 1079 737 1163; x_wconf 88' lang='grc' dir='ltr'><strong><em>είς</em></strong></span> <span class='ocrx_word' id='word_1_51' title='bbox 759 1080 859 1172; x_wconf 78' lang='grc' dir='ltr'><strong><em>ὅρμον</em></strong></span> <span class='ocrx_word' id='word_1_52' title='bbox 881 1081 1082 1171; x_wconf 79' lang='grc' dir='ltr'><strong><em>προέρεσσαν</em></strong></span> <span class='ocrx_word' id='word_1_53' title='bbox 1102 1080 1257 1170; x_wconf 80' lang='grc' dir='ltr'><strong><em>ἐρετμοῖς.</em></strong></span> 
     </span>
     <span class='ocr_line' id='line_1_9' title="bbox 298 1180 1190 1274; baseline 0 -22"><span class='ocrx_word' id='word_1_54' title='bbox 298 1185 336 1252; x_wconf 87' lang='grc' dir='ltr'><strong><em>ἐκ</em></strong></span> <span class='ocrx_word' id='word_1_55' title='bbox 359 1182 388 1253; x_wconf 83' lang='grc' dir='ltr'><strong><em>δ’</em></strong></span> <span class='ocrx_word' id='word_1_56' title='bbox 413 1180 507 1264; x_wconf 77' lang='grc' dir='ltr'><strong><em>εὐνάς</em></strong></span> <span class='ocrx_word' id='word_1_57' title='bbox 528 1180 662 1270; x_wconf 72' lang='grc' dir='ltr'><strong><em>ἔβαλον,</em></strong></span> <span class='ocrx_word' id='word_1_58' title='bbox 685 1186 769 1252; x_wconf 83' lang='grc' dir='ltr'><strong><em>κατὰ</em></strong></span> <span class='ocrx_word' id='word_1_59' title='bbox 792 1185 829 1253; x_wconf 84' lang='grc' dir='ltr'><strong><em>δέ</em></strong></span> <span class='ocrx_word' id='word_1_60' title='bbox 849 1180 1029 1274; x_wconf 76' lang='grc' dir='ltr'><strong><em>πρυμνήσι’</em></strong></span> <span class='ocrx_word' id='word_1_61' title='bbox 1050 1180 1190 1274; x_wconf 77' lang='grc' dir='ltr'><strong><em>ἔδησαν·</em></strong></span> 
     </span>
     <span class='ocr_line' id='line_1_10' title="bbox 300 1282 1177 1378; baseline 0.001 -24"><span class='ocrx_word' id='word_1_62' title='bbox 300 1287 337 1354; x_wconf 89' lang='grc' dir='ltr'><strong><em>ἐκ</em></strong></span> <span class='ocrx_word' id='word_1_63' title='bbox 359 1285 477 1353; x_wconf 82' lang='grc' dir='ltr'><strong><em>δὲκαὶ</em></strong></span> <span class='ocrx_word' id='word_1_64' title='bbox 500 1282 596 1353; x_wconf 81' lang='grc' dir='ltr'><strong><em>αὐτοὶ</em></strong></span> <span class='ocrx_word' id='word_1_65' title='bbox 617 1290 732 1372; x_wconf 80' lang='grc' dir='ltr'><strong><em>βαῖνον</em></strong></span> <span class='ocrx_word' id='word_1_66' title='bbox 753 1287 812 1355; x_wconf 85' lang='grc' dir='ltr'><strong><em>ἐπὶ</em></strong></span> <span class='ocrx_word' id='word_1_67' title='bbox 835 1292 966 1378; x_wconf 76' lang='grc' dir='ltr'><strong><em>ρητμῖνι</em></strong></span> <span class='ocrx_word' id='word_1_68' title='bbox 989 1285 1177 1376; x_wconf 84' lang='grc' dir='ltr'><strong><em>θαλάσσης,</em></strong></span> 
     </span>
     <span class='ocr_line' id='line_1_11' title="bbox 300 1384 1118 1479; baseline 0.001 -24"><span class='ocrx_word' id='word_1_69' title='bbox 300 1387 337 1455; x_wconf 82' lang='grc' dir='ltr'><strong><em>έκ</em></strong></span> <span class='ocrx_word' id='word_1_70' title='bbox 360 1384 395 1454; x_wconf 83' lang='grc' dir='ltr'><strong><em>δ’</em></strong></span> <span class='ocrx_word' id='word_1_71' title='bbox 417 1384 604 1478; x_wconf 80' lang='grc' dir='ltr'><strong><em>ἑκατόμβην</em></strong></span> <span class='ocrx_word' id='word_1_72' title='bbox 624 1394 731 1478; x_wconf 85' lang='grc' dir='ltr'><strong><em>βήσαν</em></strong></span> <span class='ocrx_word' id='word_1_73' title='bbox 752 1385 900 1479; x_wconf 76' lang='grc' dir='ltr'><strong><em>ἑκηβόλῳ</em></strong></span> <span class='ocrx_word' id='word_1_74' title='bbox 912 1385 1118 1457; x_wconf 81' lang='grc' dir='ltr'><strong><em>Ἀπόλλωνι·</em></strong></span> 
     </span>
     <span class='ocr_line' id='line_1_12' title="bbox 301 1489 990 1581; baseline 0.001 -25"><span class='ocrx_word' id='word_1_75' title='bbox 301 1489 338 1556; x_wconf 87' lang='grc' dir='ltr'><strong><em>ἐκ</em></strong></span> <span class='ocrx_word' id='word_1_76' title='bbox 361 1489 400 1557; x_wconf 83' lang='grc' dir='ltr'><strong><em>δέ</em></strong></span> <span class='ocrx_word' id='word_1_77' title='bbox 420 1490 569 1580; x_wconf 85' lang='grc' dir='ltr'><strong><em>Χρυσηὶς</em></strong></span> <span class='ocrx_word' id='word_1_78' title='bbox 590 1491 667 1579; x_wconf 84' lang='grc' dir='ltr'><strong><em>νηός</em></strong></span> <span class='ocrx_word' id='word_1_79' title='bbox 687 1492 732 1581; x_wconf 84' lang='grc' dir='ltr'><strong><em>βῆ</em></strong></span> <span class='ocrx_word' id='word_1_80' title='bbox 754 1489 990 1579; x_wconf 88' lang='grc' dir='ltr'><strong><em>ποντοπόροιο.</em></strong></span> 
     </span>
    </p>

    <p class='ocr_par' dir='ltr' id='par_1_5' title="bbox 246 1587 1315 2092">
     <span class='ocr_line' id='line_1_13' title="bbox 246 1587 1297 1683; baseline 0.003 -27"><span class='ocrx_word' id='word_1_81' title='bbox 246 1617 287 1656; x_wconf 75' lang='lat' dir='ltr'><strong><em>uo</em></strong></span> <span class='ocrx_word' id='word_1_82' title='bbox 301 1591 359 1682; x_wconf 86' lang='grc' dir='ltr'><strong><em>τήν</em></strong></span> <span class='ocrx_word' id='word_1_83' title='bbox 380 1589 441 1678; x_wconf 81' lang='grc' dir='ltr'><strong><em>μέν</em></strong></span> <span class='ocrx_word' id='word_1_84' title='bbox 462 1587 568 1660; x_wconf 74' lang='grc' dir='ltr'><strong><em>ἔπειτ’</em></strong></span> <span class='ocrx_word' id='word_1_85' title='bbox 590 1591 652 1664; x_wconf 83' lang='grc' dir='ltr'><strong><em>ἐπί</em></strong></span> <span class='ocrx_word' id='word_1_86' title='bbox 674 1594 787 1681; x_wconf 86' lang='grc' dir='ltr'><strong><em>βωμόν</em></strong></span> <span class='ocrx_word' id='word_1_87' title='bbox 809 1589 898 1661; x_wconf 76' lang='grc' dir='ltr'><strong><em>άτων</em></strong></span> <span class='ocrx_word' id='word_1_88' title='bbox 919 1592 1104 1683; x_wconf 90' lang='grc' dir='ltr'><strong><em>πολύμητις</em></strong></span> <span class='ocrx_word' id='word_1_89' title='bbox 1122 1589 1297 1672; x_wconf 87' lang='grc' dir='ltr'><strong><em>Ὀδυσσεύς</em></strong></span> 
     </span>
     <span class='ocr_line' id='line_1_14' title="bbox 300 1693 1267 1785; baseline 0 -25"><span class='ocrx_word' id='word_1_90' title='bbox 300 1693 405 1783; x_wconf 85' lang='grc' dir='ltr'><strong><em>πατρί</em></strong></span> <span class='ocrx_word' id='word_1_91' title='bbox 427 1693 517 1785; x_wconf 82' lang='grc' dir='ltr'><strong><em>φίλῳ</em></strong></span> <span class='ocrx_word' id='word_1_92' title='bbox 539 1693 575 1762; x_wconf 88' lang='grc' dir='ltr'><strong><em>ἐν</em></strong></span> <span class='ocrx_word' id='word_1_93' title='bbox 595 1694 688 1782; x_wconf 83' lang='grc' dir='ltr'><strong><em>χερσί</em></strong></span> <span class='ocrx_word' id='word_1_94' title='bbox 709 1693 805 1785; x_wconf 85' lang='grc' dir='ltr'><strong><em>τίθη,</em></strong></span> <span class='ocrx_word' id='word_1_95' title='bbox 829 1693 887 1762; x_wconf 88' lang='grc' dir='ltr'><strong><em>καί</em></strong></span> <span class='ocrx_word' id='word_1_96' title='bbox 907 1720 965 1781; x_wconf 90' lang='grc' dir='ltr'><strong><em>μιν</em></strong></span> <span class='ocrx_word' id='word_1_97' title='bbox 986 1693 1209 1785; x_wconf 68' lang='grc' dir='ltr'><strong><em>προσέεειπεν</em></strong></span> <span class='ocrx_word' id='word_1_98' title='bbox 1261 1751 1267 1760; x_wconf 86' lang='grc'><strong><em>.</em></strong></span> 
     </span>
     <span class='ocr_line' id='line_1_15' title="bbox 295 1789 1315 1888; baseline 0 -24"><span class='ocrx_word' id='word_1_99' title='bbox 295 1789 350 1864; x_wconf 63' lang='lat' dir='ltr'><strong><em>“d</em></strong></span> <span class='ocrx_word' id='word_1_100' title='bbox 371 1795 502 1887; x_wconf 89' lang='grc' dir='ltr'><strong><em>Χρύση,</em></strong></span> <span class='ocrx_word' id='word_1_101' title='bbox 526 1795 594 1885; x_wconf 89' lang='grc' dir='ltr'><strong><em>πρό</em></strong></span> <span class='ocrx_word' id='word_1_102' title='bbox 615 1793 652 1882; x_wconf 75' lang='grc' dir='ltr'><strong><em>μ’</em></strong></span> <span class='ocrx_word' id='word_1_103' title='bbox 675 1793 810 1883; x_wconf 80' lang='grc' dir='ltr'><strong><em>έπεμψε</em></strong></span> <span class='ocrx_word' id='word_1_104' title='bbox 830 1797 936 1878; x_wconf 71' lang='grc' dir='ltr'><strong><em>τάναξ</em></strong></span> <span class='ocrx_word' id='word_1_105' title='bbox 956 1794 1082 1888; x_wconf 82' lang='grc' dir='ltr'><strong><em>ἀνδρῶν</em></strong></span> <span class='ocrx_word' id='word_1_106' title='bbox 1100 1794 1315 1882; x_wconf 81' lang='grc' dir='ltr'><strong><em>Ἅναμέμνων</em></strong></span> 
     </span>
     <span class='ocr_line' id='line_1_16' title="bbox 300 1894 1219 1990; baseline 0 -24"><span class='ocrx_word' id='word_1_107' title='bbox 300 1899 410 1966; x_wconf 88' lang='grc' dir='ltr'><strong><em>παῖδά</em></strong></span> <span class='ocrx_word' id='word_1_108' title='bbox 431 1924 467 1966; x_wconf 90' lang='grc' dir='ltr'><strong><em>τε</em></strong></span> <span class='ocrx_word' id='word_1_109' title='bbox 489 1898 546 1966; x_wconf 86' lang='grc' dir='ltr'><strong><em>σοί</em></strong></span> <span class='ocrx_word' id='word_1_110' title='bbox 567 1894 699 1982; x_wconf 70' lang='grc' dir='ltr'><strong><em>ἀνέμεν,</em></strong></span> <span class='ocrx_word' id='word_1_111' title='bbox 724 1898 841 1988; x_wconf 83' lang='grc' dir='ltr'><strong><em>Φοίβῳ</em></strong></span> <span class='ocrx_word' id='word_1_112' title='bbox 863 1897 904 1968; x_wconf 78' lang='grc' dir='ltr'><strong><em>θ’</em></strong></span> <span class='ocrx_word' id='word_1_113' title='bbox 926 1896 1013 1990; x_wconf 84' lang='grc' dir='ltr'><strong><em>ίερήν</em></strong></span> <span class='ocrx_word' id='word_1_114' title='bbox 1033 1895 1219 1988; x_wconf 81' lang='grc' dir='ltr'><strong><em>ἑκατόμβην</em></strong></span> 
     </span>
     <span class='ocr_line' id='line_1_17' title="bbox 300 1997 1200 2092; baseline 0.001 -23"><span class='ocrx_word' id='word_1_115' title='bbox 300 2002 395 2092; x_wconf 79' lang='grc' dir='ltr'><strong><em>ρἐαι</em></strong></span> <span class='ocrx_word' id='word_1_116' title='bbox 415 1999 500 2092; x_wconf 80' lang='grc' dir='ltr'><strong><em>ὑπέρ</em></strong></span> <span class='ocrx_word' id='word_1_117' title='bbox 521 2003 677 2084; x_wconf 80' lang='grc' dir='ltr'><strong><em>Δαναῶν,</em></strong></span> <span class='ocrx_word' id='word_1_118' title='bbox 701 1997 782 2092; x_wconf 80' lang='grc' dir='ltr'><strong><em>όφρ’</em></strong></span> <span class='ocrx_word' id='word_1_119' title='bbox 805 1998 1017 2088; x_wconf 78' lang='grc' dir='ltr'><strong><em>ἱλασόμεσθα</em></strong></span> <span class='ocrx_word' id='word_1_120' title='bbox 1037 2001 1200 2083; x_wconf 73' lang='grc' dir='ltr'><strong><em>νάνακτα,</em></strong></span> 
     </span>
    </p>

    <p class='ocr_par' dir='ltr' id='par_1_6' title="bbox 246 2097 1110 2196">
     <span class='ocr_line' id='line_1_18' title="bbox 246 2097 1110 2196; baseline 0.002 -26"><span class='ocrx_word' id='word_1_121' title='bbox 246 2130 287 2170; x_wconf 80' lang='grc' dir='ltr'><strong><em>ιιο</em></strong></span> <span class='ocrx_word' id='word_1_122' title='bbox 301 2097 341 2185; x_wconf 77' lang='grc' dir='ltr'><strong><em>ὃς</em></strong></span> <span class='ocrx_word' id='word_1_123' title='bbox 361 2100 611 2192; x_wconf 72' lang='grc' dir='ltr'><strong><em>νύνἍρτείοισι</em></strong></span> <span class='ocrx_word' id='word_1_124' title='bbox 633 2104 821 2174; x_wconf 85' lang='grc' dir='ltr'><strong><em>πολύστονα</em></strong></span> <span class='ocrx_word' id='word_1_125' title='bbox 843 2102 936 2196; x_wconf 79' lang='grc' dir='ltr'><strong><em>κήδε’</em></strong></span> <span class='ocrx_word' id='word_1_126' title='bbox 960 2099 1110 2195; x_wconf 78' lang='grc' dir='ltr'><strong><em>ἐφῆκεν.”</em></strong></span> 
     </span>
    </p>

    <p class='ocr_par' dir='ltr' id='par_1_7' title="bbox 342 2197 1208 2298">
     <span class='ocr_line' id='line_1_19' title="bbox 342 2197 1208 2298; baseline 0.001 -26"><span class='ocrx_word' id='word_1_127' title='bbox 342 2197 387 2286; x_wconf 82' lang='grc' dir='ltr'><strong><em>ὦς</em></strong></span> <span class='ocrx_word' id='word_1_128' title='bbox 411 2208 539 2276; x_wconf 71' lang='grc' dir='ltr'><strong><em>τειπών</em></strong></span> <span class='ocrx_word' id='word_1_129' title='bbox 560 2207 595 2276; x_wconf 84' lang='grc' dir='ltr'><strong><em>ἐν</em></strong></span> <span class='ocrx_word' id='word_1_130' title='bbox 614 2207 708 2296; x_wconf 87' lang='grc' dir='ltr'><strong><em>χερσί</em></strong></span> <span class='ocrx_word' id='word_1_131' title='bbox 728 2203 824 2298; x_wconf 81' lang='grc' dir='ltr'><strong><em>τίθη,</em></strong></span> <span class='ocrx_word' id='word_1_132' title='bbox 849 2202 868 2276; x_wconf 83' lang='grc' dir='ltr'>ὃ</span> <span class='ocrx_word' id='word_1_133' title='bbox 892 2206 930 2274; x_wconf 79' lang='grc' dir='ltr'><strong><em>δέ</em></strong></span> <span class='ocrx_word' id='word_1_134' title='bbox 953 2205 1073 2288; x_wconf 84' lang='grc' dir='ltr'><strong><em>δέξατο</em></strong></span> <span class='ocrx_word' id='word_1_135' title='bbox 1086 2203 1208 2293; x_wconf 90' lang='grc' dir='ltr'><strong><em>χαίρων</em></strong></span> 
     </span>
    </p>

    <p class='ocr_par' dir='ltr' id='par_1_8' title="bbox 300 2301 1197 2601">
     <span class='ocr_line' id='line_1_20' title="bbox 300 2301 1197 2399; baseline -0.001 -24"><span class='ocrx_word' id='word_1_136' title='bbox 300 2311 410 2376; x_wconf 86' lang='grc' dir='ltr'><strong><em>παῖδα</em></strong></span> <span class='ocrx_word' id='word_1_137' title='bbox 430 2308 539 2399; x_wconf 83' lang='grc' dir='ltr'><strong><em>φίλην.</em></strong></span> <span class='ocrx_word' id='word_1_138' title='bbox 583 2312 638 2378; x_wconf 88' lang='grc' dir='ltr'><strong><em>τοί</em></strong></span> <span class='ocrx_word' id='word_1_139' title='bbox 661 2307 694 2376; x_wconf 79' lang='grc' dir='ltr'><strong><em>δ’</em></strong></span> <span class='ocrx_word' id='word_1_140' title='bbox 718 2301 788 2378; x_wconf 82' lang='grc' dir='ltr'><strong><em>ὦκα</em></strong></span> <span class='ocrx_word' id='word_1_141' title='bbox 809 2311 883 2398; x_wconf 77' lang='grc' dir='ltr'><strong><em>θεῷ</em></strong></span> <span class='ocrx_word' id='word_1_142' title='bbox 906 2305 992 2399; x_wconf 77' lang='grc' dir='ltr'><strong><em>ἱερήν</em></strong></span> <span class='ocrx_word' id='word_1_143' title='bbox 1013 2305 1197 2398; x_wconf 73' lang='grc' dir='ltr'><strong><em>ἑκατόμβην</em></strong></span> 
     </span>
     <span class='ocr_line' id='line_1_21' title="bbox 300 2406 1000 2500; baseline 0.006 -25"><span class='ocrx_word' id='word_1_144' title='bbox 300 2406 407 2498; x_wconf 85' lang='grc' dir='ltr'><strong><em>ἑξείης</em></strong></span> <span class='ocrx_word' id='word_1_145' title='bbox 429 2407 570 2499; x_wconf 81' lang='grc' dir='ltr'><strong><em>έστησαν</em></strong></span> <span class='ocrx_word' id='word_1_146' title='bbox 591 2409 753 2500; x_wconf 85' lang='grc' dir='ltr'><strong><em>ἐύδμητον</em></strong></span> <span class='ocrx_word' id='word_1_147' title='bbox 773 2412 853 2499; x_wconf 83' lang='grc' dir='ltr'><strong><em>περὶ</em></strong></span> <span class='ocrx_word' id='word_1_148' title='bbox 874 2410 1000 2498; x_wconf 90' lang='grc' dir='ltr'><strong><em>βωμόν,</em></strong></span> 
     </span>
     <span class='ocr_line' id='line_1_22' title="bbox 300 2507 1165 2601; baseline 0.002 -25"><span class='ocrx_word' id='word_1_149' title='bbox 300 2507 499 2601; x_wconf 77' lang='grc' dir='ltr'><strong><em>χερνίψαντο</em></strong></span> <span class='ocrx_word' id='word_1_150' title='bbox 523 2507 558 2579; x_wconf 81' lang='grc' dir='ltr'><strong><em>δ’</em></strong></span> <span class='ocrx_word' id='word_1_151' title='bbox 582 2509 703 2580; x_wconf 78' lang='grc' dir='ltr'><strong><em>ἔπειτα</em></strong></span> <span class='ocrx_word' id='word_1_152' title='bbox 725 2513 783 2580; x_wconf 86' lang='grc' dir='ltr'><strong><em>καί</em></strong></span> <span class='ocrx_word' id='word_1_153' title='bbox 805 2507 985 2598; x_wconf 89' lang='grc' dir='ltr'><strong><em>ούλσχύτας</em></strong></span> <span class='ocrx_word' id='word_1_154' title='bbox 1006 2507 1165 2579; x_wconf 86' lang='grc' dir='ltr'><strong><em>ἀνέλοντο.</em></strong></span> 
     </span>
    </p>

    <p class='ocr_par' dir='ltr' id='par_1_9' title="bbox 248 2609 1221 3112">
     <span class='ocr_line' id='line_1_23' title="bbox 248 2609 1221 2704; baseline 0.001 -26"><span class='ocrx_word' id='word_1_155' title='bbox 248 2637 288 2678; x_wconf 83' lang='grc' dir='ltr'><strong><em>ιεο</em></strong></span> <span class='ocrx_word' id='word_1_156' title='bbox 301 2617 407 2696; x_wconf 88' lang='grc' dir='ltr'><strong><em>τοῖσιν</em></strong></span> <span class='ocrx_word' id='word_1_157' title='bbox 430 2611 468 2680; x_wconf 81' lang='grc' dir='ltr'><strong><em>δέ</em></strong></span> <span class='ocrx_word' id='word_1_158' title='bbox 490 2613 623 2704; x_wconf 87' lang='grc' dir='ltr'><strong><em>Χρύσης</em></strong></span> <span class='ocrx_word' id='word_1_159' title='bbox 643 2611 762 2699; x_wconf 75' lang='grc' dir='ltr'><strong><em>μετάλ’</em></strong></span> <span class='ocrx_word' id='word_1_160' title='bbox 784 2611 909 2697; x_wconf 82' lang='grc' dir='ltr'><strong><em>εύχετο,</em></strong></span> <span class='ocrx_word' id='word_1_161' title='bbox 932 2619 1043 2703; x_wconf 85' lang='grc' dir='ltr'><strong><em>χεῖρας</em></strong></span> <span class='ocrx_word' id='word_1_162' title='bbox 1065 2609 1221 2696; x_wconf 83' lang='grc' dir='ltr'><strong><em>ἀνασχεῖν.</em></strong></span> 
     </span>
     <span class='ocr_line' id='line_1_24' title="bbox 298 2711 1220 2806; baseline 0.003 -26"><span class='ocrx_word' id='word_1_163' title='bbox 298 2711 426 2782; x_wconf 63' lang='lat' dir='ltr'><strong><em>“ami</em></strong></span> <span class='ocrx_word' id='word_1_164' title='bbox 446 2740 521 2801; x_wconf 90' lang='grc' dir='ltr'><strong><em>μευ,</em></strong></span> <span class='ocrx_word' id='word_1_165' title='bbox 546 2713 747 2806; x_wconf 76' lang='grc' dir='ltr'><strong><em>ἀρνορότοξ,</em></strong></span> <span class='ocrx_word' id='word_1_166' title='bbox 770 2713 808 2797; x_wconf 75' lang='grc' dir='ltr'><strong><em>ὃς</em></strong></span> <span class='ocrx_word' id='word_1_167' title='bbox 828 2715 963 2806; x_wconf 90' lang='grc' dir='ltr'><strong><em>Χρύσην</em></strong></span> <span class='ocrx_word' id='word_1_168' title='bbox 985 2711 1220 2806; x_wconf 78' lang='grc' dir='ltr'><strong><em>ἀμφιβέβηκας</em></strong></span> 
     </span>
     <span class='ocr_line' id='line_1_25' title="bbox 301 2814 1192 2909; baseline 0 -26"><span class='ocrx_word' id='word_1_169' title='bbox 301 2814 428 2884; x_wconf 87' lang='grc' dir='ltr'><strong><em>Κίλλαν</em></strong></span> <span class='ocrx_word' id='word_1_170' title='bbox 448 2840 484 2885; x_wconf 90' lang='grc' dir='ltr'><strong><em>τε</em></strong></span> <span class='ocrx_word' id='word_1_171' title='bbox 507 2817 646 2908; x_wconf 83' lang='grc' dir='ltr'><strong><em>ζαθέην,</em></strong></span> <span class='ocrx_word' id='word_1_172' title='bbox 673 2817 828 2887; x_wconf 88' lang='grc' dir='ltr'><strong><em>Τενέδοιό</em></strong></span> <span class='ocrx_word' id='word_1_173' title='bbox 849 2843 887 2886; x_wconf 89' lang='grc' dir='ltr'><strong><em>τε</em></strong></span> <span class='ocrx_word' id='word_1_174' title='bbox 906 2822 985 2909; x_wconf 70' lang='grc' dir='ltr'><strong><em>εῖφι</em></strong></span> <span class='ocrx_word' id='word_1_175' title='bbox 1005 2816 1192 2897; x_wconf 70' lang='grc' dir='ltr'><strong><em>νανάσσεις.</em></strong></span> 
     </span>
     <span class='ocr_line' id='line_1_26' title="bbox 300 2914 1133 3008; baseline 0.002 -22"><span class='ocrx_word' id='word_1_176' title='bbox 300 2914 381 3007; x_wconf 81' lang='grc' dir='ltr'><strong><em>ἠμέν</em></strong></span> <span class='ocrx_word' id='word_1_177' title='bbox 403 2918 446 3008; x_wconf 88' lang='grc' dir='ltr'><strong><em>δή</em></strong></span> <span class='ocrx_word' id='word_1_178' title='bbox 468 2916 547 2988; x_wconf 77' lang='grc' dir='ltr'><strong><em>ποτ’</em></strong></span> <span class='ocrx_word' id='word_1_179' title='bbox 569 2919 647 3005; x_wconf 83' lang='grc' dir='ltr'><strong><em>ἐμεῦ</em></strong></span> <span class='ocrx_word' id='word_1_180' title='bbox 667 2920 777 3008; x_wconf 88' lang='grc' dir='ltr'><strong><em>πόρος</em></strong></span> <span class='ocrx_word' id='word_1_181' title='bbox 798 2917 907 3001; x_wconf 76' lang='grc' dir='ltr'><strong><em>ἔκλυες</em></strong></span> <span class='ocrx_word' id='word_1_182' title='bbox 930 2917 1133 3005; x_wconf 73' lang='grc' dir='ltr'><strong><em>εὐξαμένοιο,</em></strong></span> 
     </span>
     <span class='ocr_line' id='line_1_27' title="bbox 300 3016 1169 3112; baseline 0.002 -26"><span class='ocrx_word' id='word_1_183' title='bbox 300 3016 442 3112; x_wconf 87' lang='grc' dir='ltr'><strong><em>τίμησας</em></strong></span> <span class='ocrx_word' id='word_1_184' title='bbox 462 3021 522 3107; x_wconf 79' lang='grc' dir='ltr'><strong><em>μέν</em></strong></span> <span class='ocrx_word' id='word_1_185' title='bbox 542 3021 615 3107; x_wconf 80' lang='grc' dir='ltr'><strong><em>ε’μέ,</em></strong></span> <span class='ocrx_word' id='word_1_186' title='bbox 637 3023 720 3109; x_wconf 72' lang='grc' dir='ltr'><strong><em>μέτα</em></strong></span> <span class='ocrx_word' id='word_1_187' title='bbox 743 3021 775 3090; x_wconf 76' lang='grc' dir='ltr'><strong><em>δ’</em></strong></span> <span class='ocrx_word' id='word_1_188' title='bbox 798 3019 887 3112; x_wconf 81' lang='grc' dir='ltr'><strong><em>’ίψαο</em></strong></span> <span class='ocrx_word' id='word_1_189' title='bbox 907 3023 988 3090; x_wconf 86' lang='grc' dir='ltr'><strong><em>λαόν</em></strong></span> <span class='ocrx_word' id='word_1_190' title='bbox 1010 3018 1169 3105; x_wconf 82' lang='grc' dir='ltr'><strong><em>Ἀχαιῶν·</em></strong></span> 
     </span>
    </p>

    <p class='ocr_par' dir='ltr' id='par_1_10' title="bbox 248 3118 1166 3316">
     <span class='ocr_line' id='line_1_28' title="bbox 248 3118 1166 3214; baseline -0.004 -20"><span class='ocrx_word' id='word_1_191' title='bbox 248 3151 288 3194; x_wconf 74' lang='grc' dir='ltr'><strong><em>τοο</em></strong></span> <span class='ocrx_word' id='word_1_192' title='bbox 303 3118 358 3213; x_wconf 81' lang='grc' dir='ltr'><strong><em>ἠδ’</em></strong></span> <span class='ocrx_word' id='word_1_193' title='bbox 382 3119 434 3190; x_wconf 75' lang='grc' dir='ltr'><strong><em>ἔτι</em></strong></span> <span class='ocrx_word' id='word_1_194' title='bbox 455 3125 514 3194; x_wconf 84' lang='grc' dir='ltr'><strong><em>καὶ</em></strong></span> <span class='ocrx_word' id='word_1_195' title='bbox 535 3132 591 3194; x_wconf 80' lang='grc' dir='ltr'><strong><em>νῦν</em></strong></span> <span class='ocrx_word' id='word_1_196' title='bbox 611 3145 671 3212; x_wconf 88' lang='grc' dir='ltr'><strong><em>μοι</em></strong></span> <span class='ocrx_word' id='word_1_197' title='bbox 692 3123 767 3194; x_wconf 78' lang='grc' dir='ltr'><strong><em>τόδ’</em></strong></span> <span class='ocrx_word' id='word_1_198' title='bbox 789 3124 987 3214; x_wconf 78' lang='grc' dir='ltr'><strong><em>ἐπικρήηνον</em></strong></span> <span class='ocrx_word' id='word_1_199' title='bbox 1008 3123 1166 3211; x_wconf 70' lang='grc' dir='ltr'><strong><em>ἐεέλδωρ·</em></strong></span> 
     </span>
     <span class='ocr_line' id='line_1_29' title="bbox 302 3221 1114 3316; baseline 0.005 -25"><span class='ocrx_word' id='word_1_200' title='bbox 302 3221 366 3316; x_wconf 83' lang='grc' dir='ltr'><strong><em>ήδη</em></strong></span> <span class='ocrx_word' id='word_1_201' title='bbox 388 3233 444 3292; x_wconf 84' lang='grc' dir='ltr'><strong><em>νῦν</em></strong></span> <span class='ocrx_word' id='word_1_202' title='bbox 465 3233 649 3297; x_wconf 90' lang='grc' dir='ltr'><strong><em>Δαναοῖσιν</em></strong></span> <span class='ocrx_word' id='word_1_203' title='bbox 672 3225 808 3296; x_wconf 73' lang='grc' dir='ltr'><strong><em>ἀεεικέα</em></strong></span> <span class='ocrx_word' id='word_1_204' title='bbox 829 3228 942 3297; x_wconf 78' lang='grc' dir='ltr'><strong><em>λοιτόν</em></strong></span> <span class='ocrx_word' id='word_1_205' title='bbox 965 3221 1114 3311; x_wconf 79' lang='grc' dir='ltr'><strong><em>άμυνσν.”</em></strong></span> 
     </span>
    </p>

    <p class='ocr_par' dir='ltr' id='par_1_11' title="bbox 344 3319 1302 3416">
     <span class='ocr_line' id='line_1_30' title="bbox 344 3319 1302 3416; baseline 0.001 -22"><span class='ocrx_word' id='word_1_206' title='bbox 344 3319 389 3407; x_wconf 83' lang='grc' dir='ltr'><strong><em>ὦς</em></strong></span> <span class='ocrx_word' id='word_1_207' title='bbox 410 3325 507 3416; x_wconf 56' lang='grc' dir='ltr'><strong><em>έφατ)</em></strong></span> <span class='ocrx_word' id='word_1_208' title='bbox 530 3327 715 3416; x_wconf 78' lang='grc' dir='ltr'><strong><em>εὐχόμενος,</em></strong></span> <span class='ocrx_word' id='word_1_209' title='bbox 738 3331 797 3398; x_wconf 84' lang='grc' dir='ltr'><strong><em>τοῦ</em></strong></span> <span class='ocrx_word' id='word_1_210' title='bbox 820 3328 857 3397; x_wconf 80' lang='grc' dir='ltr'><strong><em>δὲ</em></strong></span> <span class='ocrx_word' id='word_1_211' title='bbox 878 3329 954 3397; x_wconf 87' lang='grc' dir='ltr'><strong><em>κλύε</em></strong></span> <span class='ocrx_word' id='word_1_212' title='bbox 976 3333 1102 3414; x_wconf 80' lang='grc' dir='ltr'><strong><em>Φοῖβος</em></strong></span> <span class='ocrx_word' id='word_1_213' title='bbox 1121 3322 1302 3396; x_wconf 76' lang='grc' dir='ltr'><strong><em>Ἀπόλλων.</em></strong></span> 
     </span>
    </p>

    <p class='ocr_par' dir='ltr' id='par_1_12' title="bbox 303 3425 1234 3622">
     <span class='ocr_line' id='line_1_31' title="bbox 303 3425 1234 3519; baseline 0.003 -24"><span class='ocrx_word' id='word_1_214' title='bbox 303 3425 406 3516; x_wconf 77' lang='grc' dir='ltr'><strong><em>αὐτάρ</em></strong></span> <span class='ocrx_word' id='word_1_215' title='bbox 429 3429 506 3496; x_wconf 88' lang='grc' dir='ltr'><strong><em>ἐπεί</em></strong></span> <span class='ocrx_word' id='word_1_216' title='bbox 528 3428 559 3518; x_wconf 75' lang='grc' dir='ltr'><strong><em>ῥ’</em></strong></span> <span class='ocrx_word' id='word_1_217' title='bbox 582 3428 715 3512; x_wconf 83' lang='grc' dir='ltr'><strong><em>εύξαντο</em></strong></span> <span class='ocrx_word' id='word_1_218' title='bbox 737 3429 795 3496; x_wconf 85' lang='grc' dir='ltr'><strong><em>καὶ</em></strong></span> <span class='ocrx_word' id='word_1_219' title='bbox 817 3427 992 3513; x_wconf 75' lang='grc' dir='ltr'><strong><em>οὐλοχύτας</em></strong></span> <span class='ocrx_word' id='word_1_220' title='bbox 1013 3430 1234 3519; x_wconf 87' lang='grc' dir='ltr'><strong><em>προβάλοντο,</em></strong></span> 
     </span>
     <span class='ocr_line' id='line_1_32' title="bbox 303 3525 1178 3622; baseline 0.005 -26"><span class='ocrx_word' id='word_1_221' title='bbox 303 3525 464 3619; x_wconf 73' lang='grc' dir='ltr'><strong><em>ἀεέρυσαν</em></strong></span> <span class='ocrx_word' id='word_1_222' title='bbox 483 3531 544 3617; x_wconf 83' lang='grc' dir='ltr'><strong><em>μέν</em></strong></span> <span class='ocrx_word' id='word_1_223' title='bbox 565 3539 684 3620; x_wconf 81' lang='grc' dir='ltr'><strong><em>πρῶτα</em></strong></span> <span class='ocrx_word' id='word_1_224' title='bbox 705 3530 763 3598; x_wconf 86' lang='grc' dir='ltr'><strong><em>καί</em></strong></span> <span class='ocrx_word' id='word_1_225' title='bbox 785 3529 931 3622; x_wconf 79' lang='grc' dir='ltr'><strong><em>ε”σφαξαν</em></strong></span> <span class='ocrx_word' id='word_1_226' title='bbox 952 3532 1010 3600; x_wconf 89' lang='grc' dir='ltr'><strong><em>καὶ</em></strong></span> <span class='ocrx_word' id='word_1_227' title='bbox 1032 3529 1178 3620; x_wconf 72' lang='grc' dir='ltr'><strong><em>ἔδειραν,</em></strong></span> 
     </span>
    </p>

    <p class='ocr_par' dir='ltr' id='par_1_13' title="bbox 248 3629 1268 4130">
     <span class='ocr_line' id='line_1_33' title="bbox 248 3629 1124 3727; baseline 0.007 -29"><span class='ocrx_word' id='word_1_228' title='bbox 248 3659 289 3698; x_wconf 80' lang='grc' dir='ltr'><strong><em>τευ</em></strong></span> <span class='ocrx_word' id='word_1_229' title='bbox 301 3629 424 3721; x_wconf 88' lang='grc' dir='ltr'><strong><em>μηρούς</em></strong></span> <span class='ocrx_word' id='word_1_230' title='bbox 444 3629 473 3700; x_wconf 79' lang='grc' dir='ltr'><strong><em>τ’</em></strong></span> <span class='ocrx_word' id='word_1_231' title='bbox 498 3631 651 3719; x_wconf 82' lang='grc' dir='ltr'><strong><em>ἐξέταμον</em></strong></span> <span class='ocrx_word' id='word_1_232' title='bbox 673 3633 756 3702; x_wconf 74' lang='grc' dir='ltr'><strong><em>κατά</em></strong></span> <span class='ocrx_word' id='word_1_233' title='bbox 777 3659 814 3702; x_wconf 91' lang='grc' dir='ltr'><strong><em>τε</em></strong></span> <span class='ocrx_word' id='word_1_234' title='bbox 836 3633 930 3724; x_wconf 83' lang='grc' dir='ltr'><strong><em>κνίση</em></strong></span> <span class='ocrx_word' id='word_1_235' title='bbox 953 3634 1124 3727; x_wconf 79' lang='grc' dir='ltr'><strong><em>ἐκάλυψαν</em></strong></span> 
     </span>
     <span class='ocr_line' id='line_1_34' title="bbox 302 3731 1202 3828; baseline 0.009 -29"><span class='ocrx_word' id='word_1_236' title='bbox 302 3731 448 3816; x_wconf 87' lang='grc' dir='ltr'><strong><em>δίπτυχα</em></strong></span> <span class='ocrx_word' id='word_1_237' title='bbox 469 3733 685 3824; x_wconf 81' lang='grc' dir='ltr'><strong><em>ποιήσαντες,</em></strong></span> <span class='ocrx_word' id='word_1_238' title='bbox 708 3731 766 3802; x_wconf 76' lang='grc' dir='ltr'><strong><em>ἐπ’</em></strong></span> <span class='ocrx_word' id='word_1_239' title='bbox 790 3731 896 3802; x_wconf 79' lang='grc' dir='ltr'><strong><em>αὐτῶν</em></strong></span> <span class='ocrx_word' id='word_1_240' title='bbox 919 3732 949 3803; x_wconf 80' lang='grc' dir='ltr'><strong><em>δ’</em></strong></span> <span class='ocrx_word' id='word_1_241' title='bbox 973 3732 1202 3828; x_wconf 73' lang='grc' dir='ltr'><strong><em>ὠμοθέτησαν.</em></strong></span> 
     </span>
     <span class='ocr_line' id='line_1_35' title="bbox 302 3830 1251 3928; baseline 0.007 -29"><span class='ocrx_word' id='word_1_242' title='bbox 302 3839 375 3900; x_wconf 90' lang='grc' dir='ltr'><strong><em>καῖε</em></strong></span> <span class='ocrx_word' id='word_1_243' title='bbox 397 3830 430 3900; x_wconf 80' lang='grc' dir='ltr'><strong><em>δ’</em></strong></span> <span class='ocrx_word' id='word_1_244' title='bbox 452 3833 513 3902; x_wconf 84' lang='grc' dir='ltr'><strong><em>ἐπὶ</em></strong></span> <span class='ocrx_word' id='word_1_245' title='bbox 534 3833 646 3928; x_wconf 78' lang='grc' dir='ltr'><strong><em>σχίζῃς</em></strong></span> <span class='ocrx_word' id='word_1_246' title='bbox 669 3836 687 3905; x_wconf 87' lang='grc' dir='ltr'><strong><em>ό</em></strong></span> <span class='ocrx_word' id='word_1_247' title='bbox 707 3837 824 3926; x_wconf 61' lang='grc' dir='ltr'><strong><em>κέρων,</em></strong></span> <span class='ocrx_word' id='word_1_248' title='bbox 846 3837 907 3905; x_wconf 86' lang='grc' dir='ltr'><strong><em>ἐπί</em></strong></span> <span class='ocrx_word' id='word_1_249' title='bbox 930 3834 961 3905; x_wconf 79' lang='grc' dir='ltr'><strong><em>δ’</em></strong></span> <span class='ocrx_word' id='word_1_250' title='bbox 984 3835 1122 3909; x_wconf 74' lang='grc' dir='ltr'><strong><em>αἴθοπα</em></strong></span> <span class='ocrx_word' id='word_1_251' title='bbox 1143 3845 1251 3908; x_wconf 75' lang='grc' dir='ltr'><strong><em>εσῖνον</em></strong></span> 
     </span>
     <span class='ocr_line' id='line_1_36' title="bbox 301 3935 1250 4032; baseline 0.006 -30"><span class='ocrx_word' id='word_1_252' title='bbox 301 3936 405 4022; x_wconf 86' lang='grc' dir='ltr'><strong><em>λεῖβε·</em></strong></span> <span class='ocrx_word' id='word_1_253' title='bbox 426 3937 497 4004; x_wconf 85' lang='grc' dir='ltr'><strong><em>νέοι</em></strong></span> <span class='ocrx_word' id='word_1_254' title='bbox 520 3939 556 4004; x_wconf 85' lang='grc' dir='ltr'><strong><em>δὲ</em></strong></span> <span class='ocrx_word' id='word_1_255' title='bbox 577 3936 662 4028; x_wconf 80' lang='grc' dir='ltr'><strong><em>παρ’</em></strong></span> <span class='ocrx_word' id='word_1_256' title='bbox 685 3935 783 4009; x_wconf 82' lang='grc' dir='ltr'><strong><em>αύτόν</em></strong></span> <span class='ocrx_word' id='word_1_257' title='bbox 804 3935 877 4021; x_wconf 81' lang='grc' dir='ltr'><strong><em>έχσν</em></strong></span> <span class='ocrx_word' id='word_1_258' title='bbox 898 3939 1113 4027; x_wconf 86' lang='grc' dir='ltr'><strong><em>πεμπιόβολα</em></strong></span> <span class='ocrx_word' id='word_1_259' title='bbox 1132 3940 1250 4032; x_wconf 87' lang='grc' dir='ltr'><strong><em>χερσίν.</em></strong></span> 
     </span>
     <span class='ocr_line' id='line_1_37' title="bbox 303 4034 1268 4130; baseline 0.003 -26"><span class='ocrx_word' id='word_1_260' title='bbox 303 4034 406 4124; x_wconf 78' lang='grc' dir='ltr'><strong><em>αὐτὰρ</em></strong></span> <span class='ocrx_word' id='word_1_261' title='bbox 427 4037 505 4106; x_wconf 82' lang='grc' dir='ltr'><strong><em>ἐπεὶ</em></strong></span> <span class='ocrx_word' id='word_1_262' title='bbox 528 4043 611 4107; x_wconf 87' lang='grc' dir='ltr'><strong><em>κατά</em></strong></span> <span class='ocrx_word' id='word_1_263' title='bbox 632 4042 722 4130; x_wconf 85' lang='grc' dir='ltr'><strong><em>μῆρα</em></strong></span> <span class='ocrx_word' id='word_1_264' title='bbox 743 4039 806 4130; x_wconf 89' lang='grc' dir='ltr'><strong><em>κάη</em></strong></span> <span class='ocrx_word' id='word_1_265' title='bbox 829 4042 888 4110; x_wconf 86' lang='grc' dir='ltr'><strong><em>καί</em></strong></span> <span class='ocrx_word' id='word_1_266' title='bbox 909 4040 1081 4124; x_wconf 76' lang='grc' dir='ltr'><strong><em>σπλάνχνα</em></strong></span> <span class='ocrx_word' id='word_1_267' title='bbox 1103 4040 1268 4122; x_wconf 85' lang='grc' dir='ltr'><strong><em>πάσαντο,</em></strong></span> 
     </span>
    </p>

    <p class='ocr_par' dir='ltr' id='par_1_14' title="bbox 249 4135 1295 4433">
     <span class='ocr_line' id='line_1_38' title="bbox 249 4135 1295 4235; baseline 0 -27"><span class='ocrx_word' id='word_1_268' title='bbox 249 4167 289 4208; x_wconf 85' lang='grc' dir='ltr'><strong><em>ιεε</em></strong></span> <span class='ocrx_word' id='word_1_269' title='bbox 302 4136 478 4224; x_wconf 79' lang='grc' dir='ltr'><strong><em>μίστυλλόν</em></strong></span> <span class='ocrx_word' id='word_1_270' title='bbox 499 4139 529 4208; x_wconf 79' lang='grc' dir='ltr'><strong><em>τ’</em></strong></span> <span class='ocrx_word' id='word_1_271' title='bbox 553 4137 617 4232; x_wconf 82' lang='grc' dir='ltr'><strong><em>ἀρα</em></strong></span> <span class='ocrx_word' id='word_1_272' title='bbox 638 4135 742 4209; x_wconf 85' lang='grc' dir='ltr'><strong><em>τάλλα</em></strong></span> <span class='ocrx_word' id='word_1_273' title='bbox 763 4143 822 4209; x_wconf 86' lang='grc' dir='ltr'><strong><em>καί</em></strong></span> <span class='ocrx_word' id='word_1_274' title='bbox 844 4139 930 4235; x_wconf 77' lang='grc' dir='ltr'><strong><em>ἀμφ’</em></strong></span> <span class='ocrx_word' id='word_1_275' title='bbox 952 4139 1120 4230; x_wconf 85' lang='grc' dir='ltr'><strong><em>ὀβελοῖσιν</em></strong></span> <span class='ocrx_word' id='word_1_276' title='bbox 1140 4139 1295 4230; x_wconf 82' lang='grc' dir='ltr'><strong><em>έπειραν,</em></strong></span> 
     </span>
     <span class='ocr_line' id='line_1_39' title="bbox 304 4236 1187 4335; baseline 0.005 -29"><span class='ocrx_word' id='word_1_277' title='bbox 304 4236 463 4330; x_wconf 78' lang='grc' dir='ltr'><strong><em>ι’ύπτησάν</em></strong></span> <span class='ocrx_word' id='word_1_278' title='bbox 483 4269 520 4310; x_wconf 89' lang='grc' dir='ltr'><strong><em>τε</em></strong></span> <span class='ocrx_word' id='word_1_279' title='bbox 541 4244 787 4335; x_wconf 82' lang='grc' dir='ltr'><strong><em>περιφραδέως,</em></strong></span> <span class='ocrx_word' id='word_1_280' title='bbox 808 4243 989 4332; x_wconf 76' lang='grc' dir='ltr'><strong><em>τερύσαντό</em></strong></span> <span class='ocrx_word' id='word_1_281' title='bbox 1009 4269 1047 4312; x_wconf 90' lang='grc' dir='ltr'><strong><em>τε</em></strong></span> <span class='ocrx_word' id='word_1_282' title='bbox 1067 4243 1187 4314; x_wconf 89' lang='grc' dir='ltr'><strong><em>πάντα.</em></strong></span> 
     </span>
     <span class='ocr_line' id='line_1_40' title="bbox 304 4338 1208 4433; baseline 0.006 -25"><span class='ocrx_word' id='word_1_283' title='bbox 304 4338 406 4433; x_wconf 82' lang='grc' dir='ltr'><strong><em>αι’τάρ</em></strong></span> <span class='ocrx_word' id='word_1_284' title='bbox 426 4342 504 4412; x_wconf 87' lang='grc' dir='ltr'><strong><em>ἐπεὶ</em></strong></span> <span class='ocrx_word' id='word_1_285' title='bbox 526 4344 696 4414; x_wconf 84' lang='grc' dir='ltr'><strong><em>παύσαιτο</em></strong></span> <span class='ocrx_word' id='word_1_286' title='bbox 717 4343 821 4415; x_wconf 88' lang='grc' dir='ltr'><strong><em>πόνου</em></strong></span> <span class='ocrx_word' id='word_1_287' title='bbox 842 4344 1016 4416; x_wconf 87' lang='grc' dir='ltr'><strong><em>τετύκοντό</em></strong></span> <span class='ocrx_word' id='word_1_288' title='bbox 1035 4371 1073 4415; x_wconf 86' lang='grc' dir='ltr'><strong><em>τε</em></strong></span> <span class='ocrx_word' id='word_1_289' title='bbox 1095 4347 1208 4430; x_wconf 87' lang='grc' dir='ltr'><strong><em>δαῖτα,</em></strong></span> 
     </span>
    </p>
   </div>
   <div class='ocr_carea' id='block_1_3' title="bbox 303 4440 1176 4538">
    <p class='ocr_par' dir='ltr' id='par_1_15' title="bbox 303 4440 1176 4538">
     <span class='ocr_line' id='line_1_41' title="bbox 303 4440 1176 4538; baseline 0.006 -29"><span class='ocrx_word' id='word_1_290' title='bbox 303 4440 455 4528; x_wconf 80' lang='grc' dir='ltr'><strong><em>δαίνυντ’,</em></strong></span> <span class='ocrx_word' id='word_1_291' title='bbox 478 4442 556 4515; x_wconf 85' lang='grc' dir='ltr'><strong><em>ούδέ</em></strong></span> <span class='ocrx_word' id='word_1_292' title='bbox 574 4471 610 4516; x_wconf 91' lang='grc' dir='ltr'><strong><em>τι</em></strong></span> <span class='ocrx_word' id='word_1_293' title='bbox 631 4447 743 4533; x_wconf 81' lang='grc' dir='ltr'><strong><em>θυμὸς</em></strong></span> <span class='ocrx_word' id='word_1_294' title='bbox 763 4445 894 4516; x_wconf 80' lang='grc' dir='ltr'><strong><em>ἐδεύετο</em></strong></span> <span class='ocrx_word' id='word_1_295' title='bbox 915 4448 1033 4529; x_wconf 80' lang='grc' dir='ltr'><strong><em>δαιτός</em></strong></span> <span class='ocrx_word' id='word_1_296' title='bbox 1053 4447 1176 4538; x_wconf 60' lang='grc' dir='ltr'><strong><em>ἐπίσης.</em></strong></span> 
     </span>
    </p>
   </div>
   <div class='ocr_carea' id='block_1_4' title="bbox 0 0 1555 5190">
    <p class='ocr_par' dir='ltr' id='par_1_16' title="bbox 0 0 1555 5190">
     <span class='ocr_line' id='line_1_42' title="bbox 0 0 1555 5190; baseline 0 0"><span class='ocrx_word' id='word_1_297' title='bbox 0 0 1555 5190; x_wconf 95' lang='lat' dir='ltr'><strong><em> </em></strong></span> 
     </span>
    </p>
   </div>
  </div>
 </body>
</html>
