3084 5190
551 287 576 334 2.
615 282 837 336 ΙΛΙΑΔΟΣΒ

142 433 246 528 ἰητῆρ’
269 432 407 520 άπαθυί,
429 435 650 528 Ποδαλεήρισς
670 433 733 528 η’δέ
753 437 915 525 Μαχάων.

142 544 210 620 τοῖς
232 537 270 608 δέ
292 537 471 628 τριήκοντα
491 540 659 631 πλαφυροί
680 539 749 620 νέες
769 540 976 625 ἐστιχόωντο.

183 637 220 709 οἳ
240 637 272 707 δ’
295 637 369 725 ἕχον
386 636 567 730 Ὀρμένιον,
591 645 681 710 οἵτε
703 641 821 734 κρήνην
837 641 1023 734 Ὑπέρειαν,

96 777 130 819 τε
143 746 178 812 οἵ
196 741 226 810 τ’
248 739 324 827 ἔχον
343 739 515 833 Ἀστέριον
540 744 699 813 Τιτάνοιό
719 771 756 812 τε
777 747 878 813 λευκά
899 746 1036 837 κάρηνα,

140 847 203 912 τῶν
226 837 301 936 ἦρχ’
324 843 517 934 Εὐρύπυλος
535 843 727 933 Ἐυαίμονος
748 843 871 929 άπλαδς
892 845 975 930 υίός,

140 951 186 1038 τῷ
209 944 245 1017 δ’
268 946 339 1034 ἅμα
359 947 605 1038 τεσσαράκοντα
626 949 779 1034 μ’άαιναι
801 951 875 1040 νῆες
898 949 1029 1020 ἐποντο.

180 1045 218 1119 οἳ
237 1047 270 1116 δ’
290 1045 472 1140 ’Ἀρπισσαν
493 1047 566 1136 ἔχον
587 1052 646 1120 καί
668 1051 840 1144 Γυρτώνην
860 1052 1022 1140 ἐνέμοντο,

131 1149 259 1244 Ὄρθην
278 1150 422 1244 mm
442 1178 479 1221 τε
501 1153 603 1223 πόλιν
623 1149 655 1221 τ’
676 1149 874 1224 Ὀλοοσσόνα
895 1155 1023 1247 λευκήν,

95 1289 128 1326 ιιι
140 1258 203 1322 τῶν
226 1249 308 1322 αὖθ’
332 1254 508 1346 ήπεμόνεοε
529 1256 771 1344 μενεπτόλεμος
790 1258 1019 1350 Πολυποίτης,

141 1353 211 1437 υίὸς
230 1357 438 1446 Πειριθόοιο
460 1360 518 1428 τόν
540 1355 712 1440 α’θάνατος
732 1358 846 1428 τέκετο
867 1361 967 1443 Ζεύς,

139 1458 195 1527 τόν
216 1455 246 1547 ῤ’
271 1457 341 1528 ύπδ
362 1461 542 1550 Πειριθόῳ
563 1462 678 1531 τέκετο
698 1463 814 1542 κλυτὸς
831 1460 1057 1549 Ἱπποδάμεια

141 1558 242 1650 ήματι
264 1561 312 1650 τῷ
334 1559 390 1630 ὅτε
411 1565 519 1654 φῆρας
540 1561 673 1632 ἐείσατο
694 1565 903 1656 λαχνήεντας,

140 1665 215 1744 τούς
238 1659 272 1730 δ’
293 1663 329 1731 ἐκ
352 1662 481 1754 Πηλίου
504 1659 570 1734 ὦσε
591 1667 648 1734 καί
670 1664 863 1736 Αἰθίκεσσι
885 1668 1050 1737 πέλασσεν
1072 1709 1127 1750 -,

100 1799 133 1838 ιω
147 1761 204 1834 ούκ
228 1757 312 1849 οἷος,
336 1763 408 1852 άμα
427 1769 476 1858 τῷ
496 1793 535 1836 τε
556 1771 723 1849 Λεοντεύς
745 1764 966 1860 ύζοςἈρηος,

140 1864 210 1950 υίὸς
231 1866 444 1960 ὑπερθύμοιο
464 1870 622 1962 Κοροίνου
643 1871 837 1940 Καινεΐδαο.

140 1976 208 2053 τοῖς
231 1968 261 2039 δ’
286 1969 356 2058 ἅμα
377 1973 621 2063 τεσσαράκοντα
642 1974 798 2061 μέλαιναι
820 1973 892 2064 νῆες
914 1973 1044 2044 ἐπονεο.

179 2081 212 2140 Γ
210 2075 320 2154 ουνεύς
342 2071 373 2142 δ’
396 2073 434 2144 ἐκ
455 2075 574 2168 Κύφου
597 2069 657 2168 ήπε
679 2073 952 2145 δυωκαιεεείκοσι
972 2079 1067 2167 νῆας·

140 2177 185 2265 τῷ
206 2173 241 2242 δ’
260 2171 402 2268 Ἐνιῆνες
423 2175 545 2248 ἕποντο
565 2177 806 2266 μενεπτόλεμοί
826 2203 863 2246 τε
883 2177 1062 2269 Περαιβοί,

98 2305 128 2345 ιιι
142 2276 177 2348 δι’
195 2278 275 2372 περὶ
296 2278 464 2371 Δωδοίνην
485 2280 682 2370 δυσχείμερα
702 2279 806 2352 εοικί
829 2279 960 2366 ἔθεντο,

142 2386 176 2451 οἳ
193 2377 225 2450 τ’
250 2378 336 2474 ἄμφ’
361 2379 491 2474 ἱμερτὸν
518 2386 717 2476 Τιταρήσιον
738 2381 818 2477 ἐρπα
839 2387 986 2471 νέμοντο,

143 2483 178 2566 ὃς
199 2482 231 2575 ῤ’
253 2484 289 2566 ἐς
308 2487 454 2577 Πηνειόν
474 2490 588 2575 προΐεῖ
608 2485 798 2580 καλλίρροον
819 2485 916 2578 ύδωρ.

142 2585 212 2658 οὔδ’
236 2585 258 2656 δ’
277 2613 316 2656 πε
337 2590 471 2680 Πηνειῷ
492 2587 712 2676 συμμίσπεται
735 2587 946 2684 άρπυροδίνη,

142 2687 222 2758 άλλά
243 2689 282 2758 τί
300 2716 359 2776 μιν
381 2691 600 2783 καθύπερθεν
621 2692 771 2782 ἐπιρρέει
792 2691 865 2784 η’ύτ’
888 2691 1014 2766 ἔλαιον·

99 2811 131 2852 ³⁵⁵
144 2792 241 2883 ὅρκου
263 2793 326 2886 πάρ
349 2795 458 2864 δεινοῦ
478 2795 603 2876 Στοπός
623 2792 747 2876 ύδατός
767 2796 858 2865 ἐστιν
880 2794 1045 2890 άπορριόξ.

180 2895 371 2987 Μαπνήτων
393 2894 425 2963 δ’
449 2891 545 2988 ἦρχεν
564 2897 725 2989 Πρόθοος
751 2899 980 2990 Τενθρηδόνος
999 2898 1085 2982 υίός,

144 2995 178 3068 οἳ
194 2999 275 3088 περὶ
295 2999 441 3089 Πηνειδν
462 2999 521 3070 καί
541 2999 671 3090 Πήλιον
694 2997 921 3093 εἰνοσίφυλλον

143 3099 299 3188 ναίεσκον.
342 3104 408 3170 τῶν
427 3101 488 3189 μέν
508 3100 668 3192 Πρόθοος
688 3103 775 3183 θοὸς
795 3099 1005 3193 ήπεμόνευεν,

143 3213 187 3294 τῷ
210 3203 281 3273 δΗ
265 3203 336 3291 άμα
356 3205 600 3298 τεσσαράκοντα
620 3204 778 3291 μέλαιναι
800 3230 873 3296 νηες
895 3205 1024 3275 ἐποντο.

101 3337 133 3376 τι
184 3295 278 3374 οὗτοι
302 3299 343 3394 ἷίρ
347 3299 533 3397 ’ήτεμόνες
553 3309 696 3376 Δαναῶν
717 3333 775 3376 και
765 3305 946 3399 κοίρανοι
968 3303 1059 3399 ἦσαν.

143 3433 191 3489 τις
210 3433 229 3474 τ
266 3431 309 3496 αρ
329 3407 396 3474 τῶν
418 3401 469 3494 όχ’
492 3405 629 3497 άριστσς
650 3435 718 3501 εην,
742 3409 783 3479 σύ
804 3437 864 3496 μοι
887 3407 1013 3494 ἔννεπε,
1035 3419 1159 3498 μοῦσα,

145 3505 246 3576 αὐτῶν
268 3504 324 3598 ἠδ’
346 3511 476 3594 λππων,
500 3505 579 3579 οί“
557 3537 603 3598 αμ
607 3508 846 3605 ’Ἀτρείδῃσιν
868 3512 997 3583 ἕποντο.

144 3613 246 3679 ἵπποι
267 3609 327 3697 μέν
348 3607 468 3697 μέ·’”’
446 3635 582 3704 αρισεαι
604 3609 682 3682 έσαν
705 3613 935 3705 Φηρητιάδαο,

145 3715 199 3793 τάς
217 3709 378 3802 Ἕύμηλυς
400 3709 514 3782 ἔλαυνε
536 3716 714 3798 ποδώκεας
735 3714 876 3806 ὄρνιθας
897 3715 955 3802 ιῖίς,

103 3845 134 3884 ιε
146 3809 272 3904 ὄτριχας
295 3810 443 3898 δεέτεας,
466 3817 616 3911 σταφύλη
640 3817 699 3887 ἐπί
721 3820 824 3889 νῶτον
846 3817 974 3903 ἐνίους·

145 3918 198 3998 τδς
218 3917 253 3986 ἐν
274 3915 401 4008 Πηρείῃ
424 3917 530 4009 θρέψ’
552 3917 768 4010 άρπυρότοξος
787 3919 974 4005 Ἀπόλλων,

146 4015 239 4110 άμφω
261 4017 418 4110 θηλείας,
441 4019 549 4114 φόβον
567 4019 688 4114 ’Ἀρηος
708 4023 902 4115 φορεούσας.

146 4117 263 4212 ἀνδρῶν
285 4117 327 4190 ού
349 4119 423 4208 μέτ’
447 4119 583 4211 δίριστος
605 4121 660 4216 έην
685 4125 895 4212 Τελαμώνιος
916 4124 1026 4210 Αἴας,

147 4221 217 4316 ὄφρ’
229 4224 380 4311 Ἀχιλεύς
401 4226 530 4318 μήνιεν·
554 4221 574 4294 δ
594 4228 656 4318 πάρ
679 4228 764 4296 πολύ
788 4227 949 4318 φέρτατος
972 4223 1040 4318 ήεν,

104 4359 134 4398 τι
146 4331 244 4397 ἵπποι
265 4326 306 4397 θ’
329 4327 366 4398 οἳ
385 4329 564 4420 φορέεσκον
586 4325 739 4416 άμύμονο
760 4331 945 4421 Πηλεΐωνα.

148 4424 209 4496 ἄλλ’
232 4423 254 4500 8
273 4431 336 4518 μέν
357 4429 392 4500 ἐν
412 4433 528 4522 νήεσσι
551 4430 705 4519 κορωνίσι
729 4432 990 4521 ποντοπόροισιν
