3084 5190
575 257 599 304 2.
638 253 819 306 ΙΛΙΑΔΟΣ
838 256 858 306 Β

162 407 197 476 ἐκ
214 403 327 476 Ῥόδου
349 403 443 475 ἐννέα
468 407 549 496 νῆας
570 403 646 475 ἀνευ
664 405 798 476 Ῥοδίων
819 405 1002 498 ἀνερώχων,

114 541 150 582 με
163 507 200 576 οῖ
213 505 326 577 Ῥόδον
347 505 575 598 ἀμφενέμοντο
596 510 654 578 διά
675 507 770 599 τρίχα
792 509 1030 602 κοσμηθέντες,

161 608 290 678 Λίνδον
308 607 452 700 Ἰηλυσόν
472 637 510 680 τε
530 612 588 678 καί
611 609 804 700 ἀρνινόεντα
825 612 1004 704 Κύμειρον.

159 715 222 780 τῶν
242 713 302 799 μὲν
327 712 545 802 Τληπόλεμος
567 715 780 802 δουρικλυτός
801 712 1007 804 ήτεμόνευεν,

161 810 197 880 ὃν
217 813 292 882 τέκε
314 813 519 898 Ραονυόχεια
539 812 597 906 βίη
617 814 830 908 Ἡρακληείῃ,
1117 816 1120 824 “

160 917 215 1005 τήν
237 913 328 984 δέκετ’
350 917 388 1000 ἐξ
403 913 559 1006 Ἐφύρης,
584 921 738 1004 ποταμοῦ
762 915 831 986 ἀπο
852 920 1061 1009 Σελλήεντος,

115 1049 148 1088 τω
161 1017 285 1108 πέρσας
305 1020 430 1087 τάστεα
451 1021 561 1086 πολλοὶ
584 1020 784 1111 διοτρεφέων
806 1018 937 1112 αἰζηῶν.

164 1119 377 1210 Τληπόλεμος
398 1118 431 1188 δ’
453 1120 530 1190 ἐπεὶ
553 1113 611 1190 οῦν
631 1119 732 1212 τράφ’
755 1122 804 1190 ἐνί
826 1122 959 1212 μετάριμ
982 1122 1151 1213 ἒνπήκιηι,

160 1219 278 1292 αύτίκα
300 1223 426 1310 πατρός
446 1223 538 1292 &rozo
560 1222 659 1314 φίλον
680 1226 816 1315 μήτρωα
838 1225 996 1308 κατέκτα,

161 1327 221 1415 ηδη
243 1326 464 1416 τηρώσκοντα,
487 1327 679 1412 Λικύμνιον
702 1323 914 1419 ῖίζονἌρηος.

161 1420 250 1518 αἶψα
272 1427 310 1495 δὲ
330 1429 411 1516 νῆας
432 1423 550 1518 ἔπηξε,
575 1429 680 1496 πολύν
703 1427 735 1496 δ’
760 1428 837 1498 ὅτε
858 1431 937 1499 λαδν
959 1428 1093 1518 ἀνείρας

115 1549 148 1590 οε
160 1532 201 1619 βή
223 1530 355 1620 φεύτων
376 1529 436 1599 ἐπί
458 1530 596 1597 πόντον·
618 1527 802 1621 ἀπείλησαν
822 1533 884 1622 νάρ
907 1530 938 1600 οῖ
961 1529 1057 1601 ἀλλοι

162 1629 243 1712 υίίες
265 1629 379 1699 υῖωνοί
399 1657 434 1698 τε
456 1630 533 1722 βίης
551 1628 775 1724 Ἡρακληείης.

160 1731 262 1822 αύτάρ
286 1731 305 1800 ὅ
325 1731 356 1799 f'
381 1733 415 1814 ἐς
433 1731 542 1802 Ῥόδον
564 1727 632 1816 ἷξεν
654 1732 834 1822 ἀλώμενος,
858 1733 960 1805 ἀλνεα
982 1739 1133 1821 πάσχων·

158 1836 282 1924 τριχθὰ
304 1837 343 1904 δὲ
363 1834 519 1926 τηίκηθεν
541 1837 788 1928 καταφυλαδόν,
812 1836 872 1930 ήδὲ
894 1838 1037 1930 φίληθεν

159 1938 193 2006 ἐκ
216 1939 315 2020 Διός,
340 1937 378 2018 ὃς
397 1963 435 2005 τε
456 1944 571 2007 θεοῖσι
593 1940 651 2007 καί
675 1939 891 2028 ἀνθρώποισι
913 1942 1080 2010 τανύσσει.

115 2059 147 2098 αι
199 2039 322 2127 Νιρεύς
344 2031 385 2106 αδ
406 2039 561 2130 Σύμηθεν
583 2037 661 2110 δίτεν
681 2049 768 2132 τρεῖς
789 2051 869 2134 νῆας
890 2041 1016 2123 ἀείσας,

159 2141 279 2230 Νιρεύς
301 2137 458 2229 Ἀτλαῖης
478 2138 549 2221 υῖδς
572 2144 736 2234 Χαρόπου
759 2169 795 2211 τε
816 2145 991 2223 τάνακτος,

160 2245 278 2333 Νιρεύς
301 2238 339 2323 ὃς
359 2242 535 2325 κάλλιπες
556 2243 637 2335 ἀνήρ
659 2246 727 2314 ὑπό
750 2244 863 2314 Ἑίλιον
885 2239 987 2336 ήλθεν

160 2348 221 2412 τῶν
243 2340 351 2413 ἀλλων
373 2350 514 2414 Δαναῶν
534 2347 608 2432 μετ’
631 2345 784 2432 ἀμύμονα
805 2347 988 2436 Πηλείωνα.

115 2466 147 2506 ⁶³⁵
159 2446 224 2515 ἀλλ’
249 2445 443 2528 ἀλαπαδνὸς
464 2445 531 2538 ἔην,
555 2453 685 2540 παῦρος
708 2449 747 2516 δέ
767 2475 822 2516 ποι
846 2451 960 2516 εἵπετο
981 2449 1068 2531 λαός.

200 2546 238 2618 οἳ
257 2547 289 2617 δ’
314 2545 380 2638 ἀρα
401 2549 547 2640 Νίσυρόν
568 2549 598 2618 τ’
623 2545 710 2635 εἶχον
734 2551 926 2639 Κράπαθόν
947 2578 982 2619 τε
1006 2551 1119 2620 Κάσον
1141 2577 1176 2618 τε

160 2654 215 2721 καὶ
236 2655 316 2720 Κῶν
336 2650 548 2741 Εὐρυπύλοιο
569 2655 671 2722 πόλιν
692 2653 810 2743 νήσους
830 2679 866 2722 τε
888 2654 1078 2737 Καλύδνας,

160 2757 221 2823 τῶν
243 2748 286 2822 αὖ
309 2753 506 2836 Φείδιππός
526 2781 562 2822 τε
584 2755 640 2822 καί
660 2751 820 2844 ’Άντιφος
840 2750 1048 2844 ήτησάσθην,

163 2859 333 2926 Θεσσαλοῦ
352 2849 405 2926 υἷε
426 2857 495 2925 δύω
513 2856 735 2946 Ἡρακλεΐδαο
756 2856 926 2937 τάνακτος.

115 2965 227 3041 εωτοῖς
249 2959 287 3028 δὲ
308 2960 485 3050 τριήκοντα
506 2959 673 3050 νλαφυραί
695 2960 766 3038 νέες
786 2957 991 3040 ἐστιχόωντο.

200 3065 253 3130 νῦν
276 3055 317 3129 αὖ
338 3063 415 3142 τούς
437 3060 531 3131 ὅσσοι
554 3063 593 3130 τὸ
617 3061 825 3138 Πελαστικόν
843 3055 962 3145 ’Άρτος
984 3056 1106 3140 ἔναιον,

162 3167 196 3233 σί
213 3162 244 3233 τ’
263 3161 363 3232 ’Ἅλον
384 3166 420 3232 οἳ
438 3160 469 3231 τ’
482 3161 629 3255 Ἀλόπην
652 3167 743 3232 οἵτε
769 3165 911 3252 Τρηχῖνα
931 3161 1078 3246 νέμοντο,

162 3265 241 3336 σῖτ’
265 3260 354 3353 εἶχον
375 3264 489 3355 Φθίην
508 3264 565 3356 ήδ’
582 3262 726 3334 Ἑλλάδα
748 3263 1000 3344 καλλιγύναικα,

163 3369 376 3462 Μυρμιδόνες
398 3366 429 3437 δ’
452 3367 624 3437 ἒκαλεῦντο
646 3365 868 3457 καίἝλληνες
889 3365 947 3434 καὶ
969 3364 1118 3449 Ἀχαιοί,

120 3475 223 3540 αετῶν
245 3464 287 3540 αύ
308 3470 510 3561 πεντήκοντα
530 3473 611 3538 νεῶν
631 3463 670 3561 ἦν
692 3467 790 3559 ἀρχὸς
812 3467 995 3553 Ἀχιλλεύς.

163 3571 225 3642 ἀλλ’
247 3576 285 3643 οῖ’
302 3570 334 3640 τ’
358 3571 396 3642 σι’·
419 3574 569 3658 πολέμου
591 3572 768 3663 δυστηχίος
789 3571 968 3658 ἐμνώοντο·

164 3673 279 3764 ούνάρ
302 3673 357 3766 ἔην
379 3671 417 3757 ός
437 3675 490 3756 τίς
511 3699 593 3766 σφιν
613 3673 673 3743 ἐπὶ
695 3673 810 3759 στίχας
832 3671 1004 3763 ήτήσαιτο.

164 3786 247 3848 κεῖτο
266 3779 331 3868 τδρ
353 3777 387 3846 ἐν
408 3777 521 3868 νήεσσι
543 3777 714 3868 ποδάρκης
736 3779 808 3857 δῖος
830 3773 1011 3860 Ἀχιλλεύς,

165 3883 275 3972 κούρης
295 3879 460 3967 χωόμενος
483 3877 667 3969 Βρισηίδος
687 3875 863 3969 ηὐκόμοιο,

122 3984 216 4072 αυτὴν
236 3983 273 4052 ἐκ
293 3989 494 4073 Λυρνησσοῦ
515 3979 657 4063 ἐξείλετο
678 3981 788 4050 πολλὰ
808 3979 970 4070 μονήσας,

166 4088 355 4177 Λυρνησσὸν
376 4083 613 4177 διαπορθήσας
634 4083 691 4151 καί
711 4079 821 4167 τείχεα
850 4082 978 4174 Θήβης,

167 4189 224 4255 κάδ
245 4189 282 4257 δὲ
296 4184 428 4278 Μύνητ’
451 4183 569 4273 ἔβαλεν
589 4186 647 4253 καὶ
666 4183 889 4275 Ἐπίστροφον
910 4183 1160 4272 ἔτχεσιμώρους,

197 4411 243 4463 όῖθ
259 4415 307 4466 καί
317 4426 390 4484 σφιν
401 4411 560 4465 θεσπέσιον
571 4409 695 4464 πλοῦτον
706 4410 833 4479 κατέχευε
847 4412 984 4480 Κρονίων.
