3084 5190
517 1821 904 1918 PRAEFATIO.

240 2135 299 2225 (lui
320 2151 415 2212 studia
431 2149 586 2212 llomerica
601 2167 635 2210 ex
651 2147 790 2208 diuturno
805 2147 944 2227 languore
959 2151 1117 2226 suscitavit,
1132 2155 1264 2217 Frideri·

146 2305 201 2348 cus
219 2285 369 2363 Augustus
385 2283 508 2345 Wolllus
528 2290 619 2344 artem
642 2280 770 2342 criticam
786 2279 860 2342 ultra
875 2279 1034 2345 Aristarchi
1053 2285 1261 2349 recensionem

146 2417 266 2498 regredi
283 2435 372 2497 posse
391 2417 522 2497 negabat.
552 2415 646 2488 idem,
667 2413 736 2493 quid
752 2413 900 2478 Homerus
921 2417 1069 2493 cecinerit,
1090 2420 1212 2482 nonnisi
1227 2441 1262 2483 er

148 2551 279 2632 quadam
295 2549 422 2629 analogia
438 2548 601 2610 carminum
617 2554 693 2608 recte
713 2545 834 2608 iudicari
850 2547 1052 2614 arbitrabatur.
1083 2573 1171 2634 quam
1187 2573 1261 2618 ccn-

148 2693 293 2766 gruenter
308 2691 477 2762 utrumque,
493 2699 574 2742 nuno
587 2697 649 2742 non
664 2697 787 2760 quaero:
810 2680 846 2740 de
861 2681 992 2762 analogia
1007 2687 1193 2749 vehementer
1212 2707 1260 2750 as·

150 2819 268 2882 sentior
281 2817 343 2878 viro
359 2816 475 2889 eximio,
491 2832 585 2894 neque
597 2813 680 2875 aliam
697 2823 782 2892 atquo
796 2813 868 2876 baec
879 2823 1026 2879 monstrat
1038 2819 1120 2880 rideo
1132 2821 1208 2882 viam
1224 2822 1259 2884 ad

151 2959 265 3014 textum
281 2948 336 3011 sibi
348 2955 531 3012 constantem
543 2966 576 3008 ac
591 2946 821 3020 convenientem,
836 2946 947 3027 legibus
963 2957 1157 3030 temperatum
1173 2955 1260 3016 certis

149 3093 180 3146 et
199 3083 341 3156 delinitis,
362 3081 443 3143 omni
463 3081 587 3160 denique
605 3097 710 3159 genere
730 3079 917 3158 aequabilem.
952 3092 1039 3162 atque
1061 3092 1173 3148 tantam
1194 3105 1260 3150 esse

151 3216 302 3295 analogiae
316 3215 373 3276 rim
389 3221 417 3276 et
431 3212 638 3294 praestantiam
653 3211 709 3272 iam
727 3217 789 3274 tom
806 3211 982 3286 divinabam,
1003 3233 1070 3276 curn
1088 3217 1259 3282 adolescens

151 3351 279 3429 primam
296 3356 398 3428 poetae
414 3364 533 3426 operam
546 3343 625 3416 dedi;
640 3344 774 3423 ideoque,
790 3345 923 3424 quamvis
934 3349 1192 3426 grammaticorum
1208 3371 1259 3414 oo·
1299 3339 1308 3356 ⁰

151 3481 311 3560 dieumque
327 3479 495 3542 auctoritate
510 3478 595 3558 plane
607 3475 754 3549 movebar,
770 3497 917 3542 summam
930 3489 1024 3544 tamen
1037 3483 1133 3546 iudicii
1145 3503 1179 3546 er
1190 3503 1259 3565 per-

150 3614 292 3695 petuitate
301 3613 427 3694 quadam
439 3619 466 3674 et
474 3631 551 3674 nexu
562 3610 808 3684 testimoniorum,
817 3631 891 3692 quae
902 3613 965 3693 ipsa
978 3615 1032 3678 sibi
1045 3618 1171 3680 carmina
1180 3617 1258 3681 diee-

148 3758 226 3821 rent‚
239 3747 464 3826 suspendebam.
480 3765 566 3820 nunc,
575 3751 742 3828 postlustra
751 3750 852 3811 decem
861 3748 1159 3826 multaquelaoultatis
1168 3770 1257 3826 mese,

151 3881 177 3942 si
198 3899 254 3960 qua
274 3887 331 3952 est,
351 3879 465 3942 criticae
485 3881 584 3943 multis
605 3882 634 3943 in
655 3883 847 3964 scriptoribus
867 3882 1074 3962 experimenta,
1094 3883 1193 3945 eadem
1213 3884 1259 3948 illa

151 4012 434 4093 analogiatanquam
452 4014 526 4076 duce
541 4023 669 4095 spectata
684 4025 711 4078 et
726 4016 847 4097 probata
860 4017 946 4078 etiam
958 4016 1152 4078 confidentius
1168 4019 1258 4080 lretus

150 4167 166 4208 a
182 4154 299 4226 recepta
314 4146 401 4225 vulgo
416 4147 538 4210 lectione
552 4148 667 4227 longius
682 4169 768 4230 quam
784 4149 861 4211 ullus
877 4159 943 4212 ante
957 4169 1005 4212 me
1021 4149 1116 4212 editor
1130 4150 1258 4214 discedo.

151 4287 249 4340 natam
260 4298 296 4340 eo
308 4287 394 4359 pacto
406 4280 492 4342 buius
505 4281 640 4343 editionis
652 4302 667 4344 a
680 4283 784 4345 ceteris
795 4283 1062 4346 dissimilitudinem
1075 4285 1257 4366 hocquidem

150 4412 217 4474 loco
233 4412 303 4474 satis
325 4410 417 4474 babeo
438 4413 565 4476 breviter
584 4435 617 4478 ac
636 4417 806 4480 summatim
828 4429 1011 4498 percurrere,
1032 4418 1168 4498 peculiari
1188 4433 1256 4480 mor

151 4544 248 4607 libello
264 4545 349 4608 altius
364 4552 406 4620 et,
424 4555 457 4608 ut
478 4555 604 4626 oportet,
621 4569 636 4611 a
652 4549 744 4630 capite
763 4548 959 4630 repetendam.
