3084 5190
538 345 561 392 8.
600 340 782 393 ΙΛΙΑΔΟΣ
801 342 821 392 Γ

103 521 122 562 υ
169 491 207 565 δι’
223 493 258 564 δ’
281 494 338 566 ότε
359 495 399 585 δὴ
423 495 540 579 σχεδόν
561 488 645 588 ἦσαν
666 491 723 564 ἐπ’
746 490 940 585 ἀλλήλοισιν
962 491 1079 574 ἰόντες,

137 599 260 688 Τρωσὶν
280 596 341 686 μὲν
362 596 567 686 προμάχιζεν
589 596 803 688 Ἀλέξανδρος
823 596 1014 686 θεοεειόής,

133 700 316 792 παρδαλέην
336 694 480 788 ὤμοισιν
500 697 582 785 ἔχων
603 701 660 770 καὶ
682 699 840 786 καμπύλα
861 699 944 779 τόξα

132 803 183 871 καί
205 801 319 895 ξίφος·
342 799 445 892 αύτύρ
467 796 486 870 ό
509 805 606 894 δοῦρε
628 802 696 870 δύω
719 801 945 891 κεκορυθμένα
966 803 1079 890 χαλκῷ

134 905 264 974 πάλλων
287 902 441 996 ’ίρτείων
463 904 679 996 προκαλίζετο
702 905 833 984 πάντας
855 901 1014 993 ἀρίστους

104 1035 123 1073 ει
135 1005 280 1094 α’ντίβιον
299 1008 518 1095 μαχέσασθαι
539 1008 575 1077 ἐν
596 1006 672 1099 αἰνῇ
695 1009 859 1098 δηιοτῆτι.

133 1111 183 1179 τόν
206 1108 240 1178 δ’
262 1107 309 1192 ιύς
331 1105 388 1180 ούν
407 1111 540 1202 ἐνόησεν
562 1108 740 1202 δρηίφιλος
760 1110 934 1189 Μενέλαος

134 1211 301 1302 ἐρχόμενον
322 1214 559 1303 προπάροιθεν
581 1209 711 1300 ὁμίλου,
734 1213 845 1300 μακρά
866 1212 1022 1299 βιβάντα,

34 1379 35 1388 ,
136 1313 175 1394 δίς
193 1341 232 1382 τε
254 1313 337 1382 λέων
357 1315 456 1406 ἐχάρη
477 1315 611 1405 μετάληι
633 1315 691 1384 ἐπὶ
715 1314 845 1401 σάματι
867 1314 1000 1401 κύρσας,

135 1415 229 1506 εύριόν
249 1411 272 1507 ἢ
292 1413 417 1508 ἔλαφον
438 1418 556 1507 κεραὸν
577 1415 599 1507 ἢ
620 1413 734 1508 άιριον
756 1411 847 1498 αλια,

105 1517 290 1587 κπεινάων·
311 1519 403 1605 μάλα
422 1520 486 1610 τάρ
507 1545 543 1588 τε
564 1517 753 1601 κατεσθίει,
777 1517 893 1608 εἴπερ
916 1513 956 1586 ύν
978 1515 1078 1585 αύτόν

136 1621 291 1690 σεύωνται
311 1621 427 1706 ταχέες
447 1647 484 1690 τε
505 1622 597 1704 κύνες
619 1619 759 1712 θαλεροί
779 1618 812 1688 τ’
835 1617 959 1712 αἰζηοί·

136 1715 175 1804 ύς
194 1723 294 1815 ἐχάρη
318 1723 490 1806 Μενέλαος
511 1722 722 1815 Ἀλέξανδρον
743 1724 923 1793 θεοεειδέα

136 1822 343 1915 ὀφθαλμοῖσι
358 1826 475 1895 ειδυίν·
498 1827 587 1919 φάτο
608 1829 671 1918 τδρ
692 1827 858 1896 τίσασθαι
882 1823 1019 1916 άλείτην.

136 1925 248 1996 αύτίκα
272 1925 302 1996 δ’
325 1928 362 2010 ἐξ
382 1925 482 2014 δχέων
503 1931 559 2012 ξύν
579 1930 725 2014 τεύχεσιν
748 1929 827 1998 ύλτο
847 1928 981 2016 χαμᾶζε.

106 2051 125 2088 ³⁰
172 2032 228 2098 τόν
252 2027 285 2098 δ’
309 2027 357 2111 ιύς
377 2025 432 2098 οὖν
454 2029 585 2120 ἐνόησεν
607 2029 821 2121 Ἀλέξανδρος
842 2030 1021 2119 θεοτειδής

135 2131 392 2222 όνπρομάχοισι
415 2133 573 2224 φανέντα,
597 2134 786 2224 κατεπλήση
809 2132 907 2225 φίλον
928 2126 1019 2222 η’τορ,

137 2227 182 2319 &w
203 2237 234 2302 δ’
261 2230 383 2323 ἑτάρων
403 2233 438 2315 ἐς
458 2234 580 2315 εέθνος
602 2233 735 2318 ἐχάζετο
756 2233 829 2325 κῆρ’
851 2232 1011 2303 ἀλεείνων.

136 2326 225 2416 άςδ’
250 2334 308 2404 ὅτε
328 2334 380 2416 τίς
400 2361 437 2403 τε
459 2337 621 2427 δράκοντα
642 2339 746 2406 ειδιύν
768 2335 967 2426 παλίνορσος
989 2331 1116 2425 άπέστη

136 2433 238 2526 ούρεος
264 2436 299 2506 ἐν
318 2436 460 2528 βήσσῃς,
483 2435 551 2506 ύπό
572 2464 608 2507 τε
629 2439 751 2527 τρόμος
773 2436 892 2526 ἔλλαβε
912 2443 1002 2518 τοῖα,

105 2533 181 2626 τάψ
200 2537 231 2606 τ’
257 2535 470 2630 ἀνεχώρησεν,
494 2533 599 2631 ὦχρός
619 2543 655 2610 τέ
675 2567 733 2626 μιν
755 2533 822 2610 εἷλε
843 2537 997 2629 παρειάς,

136 2631 292 2722 ύςαύτις
313 2640 396 2710 καθ’
420 2640 538 2728 ὅμιλον
559 2641 617 2711 ἔδυ
645 2642 765 2732 Τριύων
788 2641 959 2732 ύι-εραίχων

136 2741 241 2825 δείσας
270 2740 402 2831 Ἀτρέος
423 2742 494 2812 υἱόν
516 2741 731 2833 Ἀλέξανδρος
747 2744 934 2835 θεοεειδής.

136 2845 183 2912 τόν
204 2843 234 2912 δ’
250 2844 382 2935 Ἕκτωρ
403 2845 548 2915 νείκεσσε
569 2848 672 2916 ειδών
695 2845 858 2937 αἰσχροῖσι
881 2848 1050 2916 εὲπεσσιν.

132 2941 309 3035 “Δύσπαρι
329 2949 440 3028 εεῖδος
461 2946 588 3039 άριστε,
611 2948 809 3036 αυναιμανὲς
830 2946 1057 3038 ἠπεροπευτά,

106 3045 199 3116 μάθ’
223 3047 345 3141 ὄφελες
366 3046 537 3131 &fords-1¹
559 3049 670 3136 ἔμεναι
695 3048 823 3137 δίταμός
843 3048 876 3117 τ’
899 3048 1103 3119 ἀπολέσθαι.

136 3150 187 3218 καί
206 3178 243 3220 κε
265 3154 309 3221 τὸ
329 3152 520 3243 βουλοίμην,
544 3151 602 3221 καί
623 3178 678 3220 κεν
699 3153 786 3221 πολύ
808 3153 939 3244 κέρδιον
960 3145 1015 3243 ἦεν

135 3247 155 3342 ἢ
174 3253 257 3323 ούτω
280 3255 392 3346 λώβην
412 3253 443 3322 τ’
467 3251 580 3340 ἔμεναι
603 3255 659 3323 καί
681 3253 835 3343 ὑπόψιον
857 3252 971 3323 άλλων.

134 3349 152 3442 ἢ
171 3381 237 3426 που
260 3356 473 3441 κατχαλόωσι
495 3357 577 3448 κάρη
600 3357 784 3443 κομόωντες
804 3353 939 3444 Ἀχαιοί

135 3457 247 3546 φάντες
269 3456 416 3550 ἀριστῆα
438 3458 569 3548 πρόμον
590 3457 741 3544 ἔμμεναι,
766 3458 882 3528 ούνεκα
902 3458 1003 3526 καλόν

103 3563 233 3643 αεεῖδος
256 3558 334 3630 ἔπ’·
357 3557 427 3628 ἀλλ’
448 3559 506 3628 ούκ
529 3558 599 3630 ἔστι
621 3560 678 3652 βίη
701 3560 830 3655 φρεσίν,
855 3558 933 3631 ούδὲ
953 3587 1007 3642 τις
1029 3558 1120 3648 ἀλκή.

133 3651 151 3750 η’
169 3662 310 3734 τοιόσδε
330 3663 394 3731 ἐιδν
414 3663 449 3730 ἐν
471 3663 715 3753 ποντοπόροισι
736 3665 863 3733 νέεσσιν

134 3764 248 3834 πόντον
270 3765 481 3850 ἐπιπλεύσας,
505 3763 640 3857 ἑτάρους
661 3763 813 3857 ἐρίνήρας
835 3763 981 3858 δτείρας,

132 3869 262 3952 μιχθεὶς
286 3866 513 3938 ἀλλοδαποῖσι
535 3866 664 3938 ιυναῖκ’
686 3866 824 3938 ἐυι-ειδά
849 3866 964 3959 άνῆιες

133 3966 166 4049 ἐξ
183 3967 290 4061 ύπίης
312 3969 423 4060 ταίης,
446 3969 521 4038 ναόν
543 3966 669 4060 ἀνδρῶν
691 3969 893 4061 αἰχμητάων,

103 4071 231 4162 ειπατρί
251 4099 291 4141 τε
315 4075 365 4162 σῷ
385 4073 472 4158 μίτα
494 4075 592 4163 πῆμα
613 4071 719 4162 πόληί
739 4099 775 4142 τε
798 4072 900 4142 παντί
921 4100 957 4142 τε
980 4074 1089 4165 δήμηι,

134 4175 326 4261 δυσμενέσιν
344 4175 405 4261 μὲν
424 4174 549 4264 χάρμα,
573 4174 754 4268 κατηφείην
775 4176 814 4245 δὲ
836 4177 891 4245 σοὶ
915 4174 1017 4267 αύτῷ,·

134 4273 186 4343 ούκ
207 4273 249 4345 ύν
272 4277 316 4367 δὴ
339 4274 486 4362 μείνειας
508 4276 686 4370 ἀρηίφιλον
708 4278 896 4362 Μενέλαονς
979 4321 983 4328 ·

133 4373 236 4467 τιοίης
257 4373 293 4464 χ’
318 4377 392 4445 σίου
414 4373 527 4468 φωτός
547 4377 634 4464 ἔχεις
654 4381 799 4471 θαλερὴν
822 4383 1032 4471 παράκοιτιν.
1092 4379 1096 4388 ’

133 4475 185 4545 ούι
205 4474 246 4546 όν
267 4502 327 4547 τοι
348 4476 506 4569 χραίσμοι
528 4477 667 4570 κίθαρις
687 4481 730 4550 τά
751 4509 788 4552 τε
811 4481 892 4572 δῶρ’
913 4481 1127 4577 Ἀφροδίτης,
