3130 5192
171 381 174 386 ,
272 325 335 392 χχς
677 325 702 374 ε.
739 320 923 374 muoz
941 321 967 374 ε

270 477 457 568 σμερδαλέα
476 477 615 562 τιάχων·
639 470 658 546 ὀ
680 477 718 546 δὲ
737 474 918 565 χερμάδιον
937 473 1019 562 λάβε
1038 475 1132 565 χειρί,

269 581 313 669 βῆ
335 575 368 646 δ’
391 576 470 660 ίθδς
496 578 647 669 Τεύκρου,
670 577 803 666 βαλέειν
825 579 922 648 δότε
943 577 1055 663 θυμὸς
1076 573 1223 646 ἀνώτειν.

269 672 290 771 ἦ
309 705 364 749 τοι
388 677 407 748 δ
429 680 489 767 μὲν
511 681 674 772 φαρέτρης
695 679 837 763 ἐξείλετο
859 681 979 769 πικρόν
1001 675 1126 759 ὀιστόν,

269 785 356 873 θῆκε
378 780 410 850 δ’
431 782 492 851 ἐπὶ
513 785 622 873 νευρῇ·
645 783 704 851 τόν
725 779 759 850 δ’
782 775 823 850 αύ
846 779 1068 870 κορυθαίολος
1088 779 1217 868 Ἕκτωρ

218 909 257 950 ιιι
273 881 450 973 ἀτερύοντα
472 882 554 975 παρ’
576 879 673 970 ώμον,
696 881 759 952 όθι
781 883 874 973 κληίς
895 882 1075 972 ἀπσεέρεει

242 1059 245 1064 ,
271 985 389 1071 αύχένα
410 1013 446 1055 τε
469 987 596 1077 στῆθός
615 1011 661 1067 τε,
683 986 830 1071 μάλιστα
853 986 891 1052 δὲ
912 983 1042 1072 καίριον
1063 984 1163 1067 ἐστίν,

270 1091 313 1180 τῇ
334 1086 365 1179 ρ’
388 1088 448 1157 έπὶ
470 1094 526 1157 τοί
545 1089 704 1175 μεμαῶτα
725 1088 826 1174 βάλεν
847 1085 937 1176 λίθῳ
961 1083 1131 1175 ὀκριόεντι,

269 1191 347 1282 ῥῆξε
368 1191 407 1259 δέ
427 1215 483 1258 τοι
505 1190 630 1281 νευρήν·
652 1191 792 1282 νάρκησε
814 1191 851 1258 δδ
870 1190 940 1280 χείρ
963 1189 1022 1257 ἐπὶ
1044 1190 1176 1278 καρπῷ,

269 1295 330 1383 στῆ
352 1293 390 1360 δέ
409 1293 488 1375 τνύξ
507 1291 642 1384 ἐριπών,
663 1293 759 1376 τόξον
781 1293 818 1362 δι’
837 1319 891 1361 τοι
915 1289 1035 1361 ἔκπεσε
1055 1291 1173 1382 χειρός.

216 1424 256 1464 ιω
269 1392 365 1476 Αἴας
388 1391 418 1461 δ’
442 1391 501 1463 οόκ
524 1392 666 1486 ἀμέλησε
688 1396 901 1487 κασιτνότοιο
923 1395 1091 1476 πεσόντος,

269 1493 352 1564 ἀλλά
373 1498 465 1564 θέων
486 1495 608 1588 περίβη
629 1496 763 1566 καίτοι
787 1496 889 1577 σάκος
911 1494 1159 1588 ἀμφεκάλυψεν.

268 1601 326 1668 τόν
345 1599 405 1685 μέν
426 1595 544 1669 ἔπειθ’
566 1596 730 1669 ὑποδύντε
752 1599 819 1668 δύω
841 1597 988 1690 ἐρίτηρες
1009 1595 1150 1686 ἑταῖροι,

269 1702 463 1791 Μηκιστεύς
481 1699 605 1788 Ἐχίοιο
627 1702 713 1784 πάις
736 1703 794 1770 καί
817 1704 890 1782 δῖος
909 1699 1089 1792 Ἀλάστωρ,

267 1806 346 1894 νῆας
367 1801 426 1872 ἔπι
448 1804 616 1895 τλαφνράς
637 1804 775 1896 φερέτην
796 1803 901 1892 βαρέα
923 1803 1133 1887 στενάχοντα·

216 1934 256 1976 εεε
270 1901 323 1992 ἀψ
346 1903 386 1973 δ’·
401 1898 495 1985 αάτις
521 1904 687 1996 Τρώεσσιν
705 1903 886 1991 Ὀλύμπιος
908 1904 942 1974 ἐν
962 1903 1058 1990 μένος
1078 1899 1188 1994 ώρσεν.

268 2004 305 2076 δι’
324 2002 358 2073 δ’
380 2005 460 2088 ίθδς
479 2008 623 2099 τάφροιο
643 2006 787 2098 βαθείης
807 2001 896 2075 ὦσαν
918 2002 1085 2089 Ἀχαιούς,

260 2109 387 2197 Ἕκτωρ
411 2105 441 2176 δ’
465 2108 499 2177 ἐν
521 2108 689 2199 πρώτοισι
712 2106 763 2176 κίε
784 2107 902 2178 σθένεϊ
919 2105 1126 2193 βλεμεαίνων.

267 2208 312 2292 ώς
334 2208 365 2278 δ’
388 2208 443 2279 ὅτε
465 2209 517 2292 τίς
536 2237 572 2278 τε
594 2210 679 2278 κύων
700 2211 779 2290 συός
801 2207 917 2299 ἀτρίσυ
940 2206 979 2298 ἠὲ
1003 2208 1133 2290 λέοντος

270 2310 417 2402 άπτηται
441 2311 640 2395 κατόπισθε,
666 2314 768 2381 ποσίν
788 2313 941 2396 ταχέεσσι
966 2310 1103 2392 διώκων,

215 2442 255 2482 ιω
270 2414 362 2498 ίσχία
383 2441 419 2483 τε
440 2415 596 2496 τλοιτοάς
616 2440 664 2497 τε,
686 2413 919 2499 εελισσόμενόν
939 2439 974 2480 τε
997 2413 1134 2494 δοκεύει,

270 2509 316 2598 ὦς
337 2515 464 2606 Ἕκτωρ
487 2512 602 2599 ώπαζε
623 2516 706 2608 κάρη
730 2515 919 2602 κομόωντας
940 2513 1110 2599 Ἀχαιούς,

249 2616 342 2686 ἀίίν
364 2614 569 2686 ἀποκτείνων
589 2621 651 2687 τὸν
670 2616 863 2688 ὀπίστατον·
887 2614 923 2687 οἳ
943 2620 980 2686 δὲ
1001 2619 1149 2710 φέβοντο.

269 2717 371 2811 αάτάρ
393 2719 468 2788 ἐπεὶ
492 2720 550 2789 διά
571 2746 607 2788 τε
629 2720 799 2801 σκόλοπας
821 2722 877 2787 καὶ
899 2719 1027 2812 τάφρον
1049 2715 1171 2809 ἔβησαν

268 2821 450 2914 φεύτοντες,
473 2823 592 2892 πολλοὶ
615 2823 652 2891 δὲ
674 2823 776 2908 δάμεν
803 2821 922 2910 Τρώων
942 2819 1011 2889 ὑπὸ
1030 2819 1149 2911 χερσίν,

214 2951 253 2992 ιιι
267 2920 304 2993 οἳ
321 2925 381 3010 μὲν
402 2926 441 3014 δη
465 2927 558 3014 παρὰ
579 2925 690 3016 ιηυσίν
710 2923 881 3016 ἐρητύοντο
902 2925 1063 3008 μένοντες,

267 3023 440 3117 ἀλλήλοισί
460 3053 497 3095 τε
518 3028 720 3114 κεκλόμενοι,
743 3027 801 3094 καί
822 3029 909 3094 πᾶσι
930 3033 1063 3094 θεοῖσιν

265 3135 376 3218 χεῖρας
398 3125 584 3212 ἀνίσχοντες
604 3127 721 3216 μετδλ’
743 3125 939 3215 εάχετόωντο
960 3130 1134 3208 τέκαστος·

257 3229 383 3321 Ἕκτωρ
406 3229 439 3299 δ’
461 3229 771 3324 ἀμφιπεριστρώφα
792 3228 1002 3320 καλλίτριχας
1024 3233 1162 3312 ἵππους,

266 3337 413 3422 Γορτσῦς
434 3331 547 3420 οἴματ’
569 3331 651 3419 ἔχων
672 3331 712 3422 ἠέ
733 3335 948 3422 βροτολοιτσῦ
968 3329 1097 3424 Ἀρηος.

214 3457 254 3499 εει
309 3436 387 3515 τούς
409 3435 446 3503 δὲ
467 3431 598 3504 τιδούσ’
621 3434 734 3524 ἐλέησε
755 3435 822 3503 θεά
843 3433 1039 3515 λευκώλενος
1059 3435 1158 3525 Ἥρη,

267 3527 357 3624 αἶψα
379 3532 412 3602 δ’
433 3532 617 3625 Ἀθηναίην
637 3535 746 3605 είπεα
767 3535 947 3622 πτερόεντα
968 3537 1151 3626 προσηύδα.

261 3631 317 3703 “ιῖί
338 3636 458 3720 πόποι,
482 3635 649 3722 αἰτιόχοιο
670 3639 757 3719 Διός
777 3638 880 3722 τέκος,
904 3635 1014 3707 ούκέτι
1035 3640 1094 3705 νώι

266 3733 448 3824 ὀλλυμένων
469 3741 610 3807 Δαναῶν
631 3737 878 3830 κεκαδησόμεθ’
901 3737 1056 3809 ἀστάτιόν
1077 3765 1156 3828 περ,·

268 3843 304 3909 οἵ
323 3866 378 3908 κεν
399 3841 438 3930 δη
461 3841 564 3908 κακδν
586 3835 676 3910 σλτον
698 3838 946 3932 ἀναπλήσαντες
968 3838 1108 3910 ὀλωνται

213 3965 252 4008 εει
267 3938 384 4031 ἀνδρὸς
405 3939 475 4023 ένδς
498 3945 594 4034 ῥιπῇ·
617 3935 637 4010 ὃ
660 3943 697 4010 δὲ
717 3941 871 4028 μαίνεται
893 3940 1000 4012 οὐκέτ’
1024 3941 1163 4024 ἀνεκτῶς

256 4042 382 4134 Ἕκτωρ
405 4042 603 4136 Πριαμίδης,
626 4045 684 4112 καὶ
707 4045 746 4134 δη
770 4047 856 4113 κακά
878 4047 988 4114 πολλά
1009 4041 1193 4132 τέτορνεν.”

306 4148 365 4236 τη“ν
387 4143 420 4212 δ’
443 4139 520 4214 αύτε
542 4146 744 4234 προοὲτειπε
764 4149 834 4214 θεά
854 4149 1046 4228 τλαυκώπις
1069 4144 1196 4237 Ἀθήνη

219 4237 225 4248 ’
261 4246 343 4316 “nai
365 4243 438 4336 λίην
460 4239 554 4328 οὗτός
574 4272 613 4315 τε
633 4247 729 4334 μένος
750 4247 860 4334 θυμόν
880 4246 911 4314 τ’
935 4244 1092 4332 ὀλέσειεν,

262 4351 373 4441 χερσίν
394 4345 455 4416 ἀπ’
477 4347 634 4438 Ἀρτείων
654 4349 821 4442 φθίμενος
841 4349 876 4418 έν
897 4349 1036 4439 πατρίδι
1059 4349 1154 4443 τοίη·

211 4479 251 4523 ιιι
265 4447 349 4520 ἀλλά
370 4453 482 4543 πατήρ
504 4448 607 4538 ούμδς
627 4450 726 4544 φρεσὶ
747 4448 901 4537 μαίνεται
924 4447 982 4520 οάκ
1005 4447 1185 4542 ἀναθῇσιν,
