3084 5190
284 342 324 406 48
692 341 715 390 υ.
760 338 978 392 ιΛιΑΔοττ

228 520 267 561 ιιι
281 490 406 562 ἀσπίσι
427 491 620 580 κεκλιμένοι,
643 496 737 584 παρά
759 491 790 563 δ’
813 491 911 579 έσχεα
930 495 1041 585 μακρὰ
1062 493 1222 587 πέπητεν.

281 592 384 688 αύτάρ
398 593 612 686 Ἀλέξανδρος
632 596 690 665 καί
713 593 891 687 άρηίφιλος
914 599 1088 680 Μενέλαος

278 701 407 791 μακρῇς
428 697 574 792 ἐσχείησι
596 698 800 790 μαχήσονται
822 699 901 787 περὶ
923 705 1006 768 σεῖο·

279 805 328 892 τῷ
350 801 388 870 δέ
409 827 447 871 κε
468 803 637 893 νικήσαντι
658 799 738 894 φίλη
760 800 900 892 κεκλήσῃ
923 796 1085 883 finanus?

323 895 369 986 ὦς
389 907 553 974 εειποῦσα
573 907 641 974 θεὰ
662 907 780 973 σλυκύν
800 907 912 991 ἵμερον
934 900 1057 992 ἔμβαλε
1078 907 1178 996 θυμῷ

228 1033 266 1070 ιω
280 1002 401 1098 άνδρός
421 1033 458 1076 τε
481 1007 643 1099 προτέρου
666 1010 723 1076 καὶ
744 1006 883 1086 εάοτεος
905 1003 965 1096 ήδέ
985 1004 1120 1096 τοκήων.

281 1105 399 1178 αύτίκα
422 1107 455 1178 δ’
478 1106 648 1202 άρτεννῇσι
670 1109 885 1201 καλυψαμένη
909 1104 1071 1200 όθύνρσιν

281 1207 407 1300 ὠρμᾶτ’
430 1211 467 1280 ἐκ
488 1212 675 1297 θαλάμοιο,
697 1211 789 1302 τέρεν
808 1213 895 1280 κατὰ
917 1210 1021 1300 δάκρυ
1041 1209 1173 1296 χέουσα,

281 1311 340 1382 οὐκ
363 1311 434 1405 οίη·
458 1313 529 1400 ἅμα
548 1317 589 1407 τῇ
610 1341 649 1382 τε
670 1315 729 1382 καί
751 1311 944 1406 ἀμφίπολοι
966 1310 1018 1381 δύ’
1042 1312 1179 1394 έποντο,

282 1415 404 1507 Αἴθρη
426 1419 583 1508 Πιτθῆος
604 1417 755 1508 θυι-άτηρ
778 1418 928 1509 Κλυμένη
950 1442 987 1485 τε
1007 1419 1148 1505 βοῶπις.

227 1543 265 1583 ιω
280 1513 370 1610 αἶψα
392 1517 424 1587 δ’
445 1517 561 1590 ἔπειθ’
584 1523 697 1590 ἵκανον
719 1519 782 1590 ὅθι
802 1521 930 1588 Σκαιαὶ
948 1520 1054 1588 πύλαι
1074 1512 1166 1611 ήσαν.

279 1617 316 1690 οἳ
335 1618 367 1689 δ’
389 1618 477 1714 άμφί
499 1624 653 1712 Πρίαμον
674 1625 731 1692 καί
753 1621 915 1692 Πάνθοον
935 1619 996 1712 ήδέ
1018 1620 1185 1714 Θυμοίτην

280 1723 431 1810 Λάμπον
451 1751 488 1793 τε
509 1724 652 1795 Κλυτίον
673 1723 712 1795 θ’
731 1723 896 1794 Ἱκετάονά
917 1719 948 1791 τ’
972 1719 1048 1806 ίίζον
1066 1719 1198 1814 Ἄρηος,

282 1823 477 1896 Ούκαλέσων
497 1855 534 1897 τε
555 1829 614 1896 καί
635 1825 813 1918 Ἀντήνωρ,
837 1825 1033 1911 πεπνυμένω
1056 1822 1173 1916 ι’ίμφω,

279 1931 372 1998 εἵατο
395 1931 628 2022 δημοτέροντες
649 1930 708 2000 ἐπὶ
730 1931 873 2021 Σκαιῇσι
895 1928 1051 2020 πόλησιν,

226 2051 265 2091 1⁵⁰
277 2030 378 2121 εήραι
401 2034 442 2123 δή
465 2032 629 2119 πολέμοιο
651 2029 873 2116 πεπαυμένοι,
898 2027 967 2100 ἀλλ’
990 2027 1150 2121 άεσρηταί

278 2133 412 2218 ἐσθλοί,
435 2134 617 2206 τεστίι-εσσι
640 2135 842 2216 νεεοικότες,
867 2135 904 2202 οἳ
921 2159 959 2202 τε
980 2131 1063 2202 καθ’
1086 2133 1162 2223 ύλην

279 2237 420 2327 δενδρέῳ
441 2237 634 2330 ἐφεζόμενοι
656 2236 749 2306 νόπα
770 2235 978 2325 λειριόεσσαν
999 2233 1111 2305 ἱεῖσιν·

277 2343 367 2406 τοῖοι
389 2335 453 2428 δίρα
479 2339 601 2428 Τριύων
621 2335 780 2430 ήεήτορες
800 2331 871 2428 ἧντ’
892 2337 952 2406 ἐπὶ
975 2338 1098 2429 πύρνῳ.

281 2436 318 2507 οἳ
337 2438 370 2507 δ’
394 2439 438 2522 ὥς
461 2434 516 2510 ούν
536 2437 689 2509 εείδονθ’
708 2439 837 2530 Ἑλένην
858 2436 918 2508 ἐπὶ
940 2438 1066 2528 πύρνον
1087 2437 1213 2520 ίοῦσαν,

226 2567 265 2608 ιω
278 2543 364 2632 εῇκα
388 2544 471 2630 πρὸς
492 2541 652 2633 ἀλλήλους
672 2543 780 2612 εέπεα
801 2539 972 2631 πτερόεντ’
994 2537 1160 2632 άσόρεοον.

274 2639 340 2710 ((ού
362 2644 494 2729 νέμεσις
520 2647 633 2733 Τρῶας
655 2646 712 2713 καί
734 2643 931 2734 ἐυκνήμιδας
952 2641 1107 2730 Ἀχαιούς

278 2741 386 2834 τοιῇδ’
410 2741 499 2837 α’μφὶ
519 2747 651 2815 νυναικλ
673 2748 777 2816 πολύν
796 2746 913 2836 χρόνον
933 2743 1036 2815 άλτεα
1058 2746 1214 2829 πάσχειν·

279 2844 377 2927 αἰνῶς
398 2843 591 2939 ἀθανάτῃσι
613 2854 712 2931 θεαῖς
734 2847 783 2930 είς
803 2842 881 2915 ὦπα
902 2851 1059 2920 εέεοικεν.

279 2945 362 3017 άλλά
384 2943 520 3034 καλός,
541 2950 614 3044 τοίη
638 2980 701 3043 περ
723 2951 821 3037 έοῦσ’,
845 2953 880 3022 ἐν
900 2954 993 3045 νηυσί
1016 2951 1159 3033 νεέσθω,

226 3077 264 3116 ισο
278 3049 358 3143 μηδ’
380 3049 457 3142 ἡμῖν
477 3054 623 3124 τεκέεσσί
643 3055 674 3124 τ’
699 3053 830 3126 ὀπίσσω
853 3059 949 3147 πῆμα
969 3051 1133 3124 λίποιτο.”

253 3157 256 3168 ’
319 3146 364 3235 ὦς
386 3152 440 3245 ἄρ’
462 3155 558 3250 έφαν,
581 3157 734 3249 Πρίαμος
756 3157 788 3227 δ’
806 3159 935 3250 Ἑλένην
956 3158 1157 3228 ἐκαλέσσατο
1179 3159 1282 3248 φωνῇ.

272 3253 395 3347 “δεῦρο
417 3257 566 3347 πάροιθ’
588 3261 750 3344 ἐλθοῦσα,
773 3265 872 3354 φιλον
893 3261 1000 3344 τέκος,
1024 3261 1092 3343 ἵζευ
1114 3259 1218 3345 ἐμεῖο,

277 3357 365 3450 όφρα
385 3361 464 3452 είδη
487 3362 650 3450 πρότερόν
670 3387 706 3430 τε
727 3363 829 3433 πόσιν
851 3363 957 3454 πηούς
978 3387 1015 3430 τε
1036 3361 1152 3453 φίλους
1172 3385 1217 3428 τε.

278 3457 317 3528 ού
336 3461 371 3528 τί
391 3489 449 3547 μοι
474 3461 564 3553 αἰτίη
587 3461 674 3532 ἐσσί·
696 3464 777 3534 θεοί
797 3466 834 3532 νύ
855 3491 912 3552 μοι
939 3461 1047 3533 αἴτιοι
1069 3461 1167 3544 είσίν,

226 3591 264 3630 ιω
282 3563 319 3630 οἳ
336 3588 396 3646 μοι
419 3563 619 3655 ἐφώρμησαν
641 3565 787 3652 πόλεμον
809 3567 1017 3657 πολύδακρυν
1028 3564 1180 3650 Ἀχαιῶν.

277 3662 322 3745 δίς
341 3690 402 3750 μοι
424 3667 481 3733 καὶ
503 3665 594 3734 τόνδ’
616 3664 719 3760 άνδρα
741 3669 905 3758 πελιόριον
926 3669 1133 3760 ἐξονομήνῃς,

277 3763 316 3845 ὅς
335 3792 387 3847 τις
409 3765 462 3835 ὅδ’
484 3767 574 3837 ἐστίν
596 3767 733 3854 Ἀχαιός
754 3769 833 3860 άνήρ
856 3767 914 3860 ήύς
933 3797 971 3838 τε
991 3772 1093 3856 μέν-ας
1113 3795 1158 3838 τε.

246 3957 250 3964 1
279 3859 297 3956 ή
318 3892 371 3936 τοι
393 3867 454 3956 μέν·
475 3873 604 3962 κεφαλῇ
626 3873 683 3940 καί
704 3872 852 3958 μείζονες
874 3869 969 3941 ίίλλοι
993 3869 1101 3955 έασιν,

276 3971 377 4038 καλὸν
399 3969 431 4039 δ’
453 3973 539 4040 σέτω
562 3973 645 4040 ἐπάν
667 3971 706 4042 ού
727 3999 781 4041 πω
803 3973 899 4042 είδσν
921 3971 1164 4064 ὀφθαλμοῖσιν,

224 4099 263 4138 ιιι
276 4067 350 4139 σι’·δ)
372 4073 456 4142 οἷ’τω
478 4076 628 4165 τεραρόν·
650 4078 788 4165 βασιλῆι
809 4077 872 4164 τὰρ
894 4072 988 4164 ἀνδρὶ
1010 4073 1186 4144 εέεοικεν.”

319 4176 378 4243 τόν
400 4174 432 4243 δ’
451 4172 561 4268 Ἑλένη
583 4177 746 4261 μύθοισιν
767 4173 935 4262 άμείβετο,
959 4180 1017 4245 δῖα
1037 4179 1207 4245 συνοικῶν.

272 4271 291 4300 “
299 4273 429 4358 αἰδοῖός
449 4278 486 4346 τέ
506 4278 567 4364 μοί
587 4279 675 4361 ἐσσι,
698 4277 777 4370 φίλε
796 4279 923 4365 εεκυρέ,
948 4281 1057 4362 δεινός
1076 4307 1128 4348 τε·

274 4375 319 4459 ὥς
340 4376 457 4472 ὄφελεν
478 4380 626 4461 θάνατός
647 4404 705 4466 μοι
731 4376 823 4447 άδεῖν
844 4381 958 4466 κακός,
982 4381 1118 4451 ὁππότε
1140 4383 1237 4474 δεῦρο

275 4477 340 4550 υλεῖ
360 4486 411 4574 σῇ
431 4481 570 4574 ἑπόμην,
594 4483 750 4569 θάλαμον
770 4483 912 4564 ννωτούς
933 4511 969 4552 τε
989 4487 1138 4556 λιποῦσα
